3038 5108
705 479 926 543 „30-

259 708 328 750 nece
348 691 473 749 maxime
496 691 655 749 discordem
678 696 708 748 et
728 708 746 748 a
768 706 892 763 propera
913 688 1091 762 profectione
1111 690 1218 747 retinet
1239 694 1269 747 et
1282 689 1384 748 Lesbi

259 787 408 847 sacrificiis
429 789 541 860 expiat,
574 789 604 846 in
625 804 771 845 armorum
795 787 901 845 iudicio
928 804 946 844 a
967 786 1090 860 captivis
1110 786 1245 845 Troianis
1266 786 1382 858 dignus

260 887 389 957 praemio
411 885 586 957 declaratur,
608 884 770 942 Telamonii
790 889 886 942 tamen
907 889 1029 941 mortem
1051 900 1114 942 cum
1135 883 1238 942 ceteris
1252 883 1383 954 Argivis

260 982 391 1055 deplorat
412 999 532 1054 eumque
552 982 708 1040 honorifico
728 980 827 1040 funere
848 983 910 1054 ipse
931 982 1021 1039 effert.

338 1080 375 1138 In
394 1080 553 1138 Leschae
573 1078 688 1136 Parva
712 1078 827 1136 Iliade
858 1095 895 1135 ex
919 1094 1064 1136 armorum
1096 1078 1201 1137 iudicio
1226 1078 1381 1150 virginum

259 1177 429 1235 Troicarum
460 1178 604 1235 sententia
635 1181 664 1234 et
695 1176 792 1247 gratia
822 1175 972 1233 Minervae
1002 1175 1095 1233 victor
1126 1192 1294 1249 pmgressus
1323 1175 1380 1232 ad-

258 1273 380 1332 versarii
399 1289 452 1345 per
473 1274 616 1330 insaniam
637 1272 764 1330 defuncti
791 1271 929 1331 feralibus
949 1273 1084 1338 interest3
1111 1273 1255 1332 Helenum
1275 1279 1380 1330 vatem

258 1387 311 1444 per
339 1371 456 1429 insidias
489 1371 690 1444 deprehendit,
724 1370 943 1441 Neoptolemum
964 1367 1055 1444 Scyro
1085 1371 1115 1428 in
1136 1387 1251 1428 suorum
1276 1375 1382 1428 eastra

259 1467 376 1525 deducit
400 1469 587 1540 paternisque
615 1468 702 1525 armis
733 1472 869 1534 exornat3
900 1467 965 1525 dum
992 1484 1079 1539 equos
1106 1467 1277 1537 exstruitur,
1313 1466 1381 1539 ipse

258 1566 383 1624 mendici
404 1564 504 1623 habitu
520 1565 631 1623 velatus
651 1565 738 1623 Ilium
758 1565 849 1623 intrat
871 1570 901 1623 et
921 1581 984 1622 oum
997 1565 1112 1624 Helena
1133 1565 1168 1622 de
1183 1564 1381 1636 expugnanda

258 1663 330 1720 urbe
351 1678 460 1720 necnon
481 1663 516 1719 de
537 1661 670 1719 Palladio
691 1663 827 1734 rapiendo
849 1663 970 1721 consilia
990 1662 1196 1730 communicat,
1229 1644 1294 1718 iam'
1311 1678 1381 1719 cum

259 1758 374 1832 Tydida
394 1760 506 1830 signum
528 1758 643 1816 furatur
664 1760 744 1816 etin
765 1759 909 1817 struendis
929 1759 1041 1816 insidiis
1062 1759 1168 1816 abillo
1190 1762 1292 1830 captus
1316 1775 1381 1816 om-

258 1857 337 1914 nium
363 1855 501 1914 cachinno
529 1854 730 1923 committitur,
757 1857 824 1926 equi
843 1857 956 1914 interea
983 1855 1104 1914 confecti
1130 1870 1226 1913 curam
1252 1855 1381 1927 suscipit

259 1954 296 2012 ab
330 1953 455 2026 ipsisque
483 1953 612 2010 hostibus
643 1968 740 2010 eorum
773 1953 898 2024 patriam
938 1956 1075 2022 tanquam
1114 1952 1294 2024 triumphans
1333 1952 1381 2008 in-

258 2051 387 2114 vehitum
409 2055 502 2108 totum
518 2048 597 2106 urhis
619 2049 791 2106 evertendae
806 2049 964 2119 consilium,
987 2049 1034 2106 cui
1048 2047 1161 2106 Anticli
1179 2047 1381 2118 imprudentia

259 2166 396 2206 summum
418 2147 571 2205 discrimen
596 2153 729 2218 paratur,
752 2151 914 2219 opportuna
938 2147 1090 2204 alacritate
1111 2151 1210 2204 servat
1230 2162 1265 2203 ac
1279 2161 1380 2218 paene

259 2247 398 2318 restituit3
431 2261 466 2302 ea
496 2244 611 2302 tandem
643 2248 729 2315 capta
758 2244 891 2301 Menelao
921 2259 1040 2301 uxorem
1070 2243 1255 2314 recuperanti
1290 2243 1382 2301 adest

259 2343 417 2416 opitulans;
437 2342 633 2413 Helicaonem,
657 2341 738 2398 euius
756 2340 886 2398 faucibus
899 2341 989 2397 letum
1002 2341 1101 2409 instat,
1124 2356 1188 2398 cum
1202 2341 1297 2398 salute
1313 2341 1381 2398 eius

259 2447 374 2498 etcum
394 2441 563 2498 Danaorum
587 2438 683 2510 gloria
708 2438 838 2494 emedio
870 2438 982 2509 proelio
1008 2438 1109 2510 eripit;
1140 2438 1171 2494 in
1192 2438 1381 2509 captivarum

260 2538 412 2596 sortitione
443 2538 590 2594 Hecubam
610 2535 734 2594 fortasse
764 2536 950 2603 nanciscitur,
983 2535 1158 2608 Polyxenam
1190 2535 1312 2605 denique
1347 2535 1381 2592 in

258 2635 383 2693 Achillis
403 2635 511 2691 tumulo
533 2633 714 2691 mactandam
741 2649 803 2690 esse
825 2650 875 2691 seu
895 2634 1003 2705 primus
1029 2633 1137 2690 iudicat
1157 2649 1208 2690 seu
1233 2632 1301 2689 huic
1323 2633 1379 2691 de·

260 2738 338 2792 creto
360 2732 457 2802 aliqua
477 2732 590 2789 ratione
614 2729 802 2802 suffragatur.

339 2829 372 2886 In
392 2828 456 2893 Ilii
475 2828 622 2885 Perside
644 2827 788 2885 Arctini
808 2827 926 2884 Troiam
947 2827 1075 2886 invectus
1095 2826 1227 2883 Menelao
1248 2826 1378 2897 coniuge

259 2927 386 2999 potituro
401 2926 508 2982 auxilio
524 2933 581 2983 est:
605 2925 640 2982 de
655 2925 751 2984 Oilida
764 2925 800 2981 in
820 2940 954 2982 numem
975 2924 1130 2983 divinum
1144 2923 1253 2995 impio
1268 2922 1379 2980 salutis

259 3039 375 3082 suorum
394 3022 551 3080 servandae
565 3022 663 3093 gratia
677 3023 848 3094 supplicium
864 3021 1029 3080 sumendum
1048 3038 1109 3080 esse
1122 3021 1230 3079 frustra
1244 3021 1294 3078 ille
1308 3020 1378 3090 qni·

260 3121 323 3178 dem
338 3119 510 3184 arbitratur,
533 3118 700 3191 Polyxenae
713 3119 916 3177 mactationem
936 3119 1033 3176 nescio
1048 3135 1084 3176 an
1104 3119 1152 3176 hic
1172 3133 1285 3189 quoque
1306 3132 1378 3174 sua·

259 3218 341 3286 deat,
354 3217 474 3288 stirpem
488 3217 661 3273 Hectoreum
677 3232 729 3273 sua
743 3232 827 3273 manu
841 3216 1015 3288 exstinguit3
1037 3216 1186 3274 Hecubam
1201 3215 1232 3272 in
1245 3213 1378 3286 praedae

259 3315 461 3373 distributione
483 3330 596 3372 servam
617 3314 803 3384 nanciscitur;
825 3313 945 3384 denique
967 3330 1030 3372 cum
1052 3314 1171 3382 ceteris,
1192 3317 1226 3370 ut
1245 3310 1376 3382 videtur,

258 3412 296 3470 ad
316 3413 442 3484 patriam
463 3411 616 3484 petendam
637 3410 751 3467 Troade
773 3410 903 3469 discedit.

338 3509 374 3567 In
394 3507 508 3581 Agiae
527 3508 557 3567 N
563 3507 652 3565 ostis
673 3507 756 3565 initio
768 3508 894 3566 Menelai
916 3513 946 3566 et
968 3508 1101 3568 Nestoris
1122 3522 1234 3565 causam
1255 3508 1377 3563 secutus

259 3620 326 3662 mox
345 3605 462 3663 Tenedo
485 3605 522 3662 ad
543 3621 681 3661 summum
708 3621 806 3676 regem
832 3606 990 3662 revertitur
1018 3622 1053 3662 ao
1073 3609 1174 3677 postea
1200 3603 1314 3660 demum
1335 3601 1377 3659 ab

258 3702 337 3760 illius
358 3703 449 3759 classe
471 3703 586 3760 delatus
606 3702 763 3759 Maroneae
784 3702 859 3759 forte
879 3701 1067 3773 Neoptolemo
1088 3702 1200 3758 obviam
1220 3698 1262 3758 fit.

338 3798 374 3856 In
404 3799 657 3870 Eugammonis
692 3799 888 3871 Telegonia
921 3802 987 3871 post
1026 3798 1237 3871 expeditionem
1269 3795 1377 3854 Eleam

259 3895 336 3954 haud
366 3894 436 3952 satis
466 3896 648 3968 perspicuam
671 3895 847 3954 hecatombis
874 3900 904 3953 et
929 3895 1170 3955 suovetaurilibus
1194 3892 1376 3967 perpetratis

258 3994 382 4051 alterum
413 3992 583 4064 longiusque
614 3992 652 4051 ad
679 3994 855 4064 Thesprotos
886 3993 944 4051 iter
973 3992 1108 4065 suscipit,
1139 3991 1190 4048 ubi
1218 3993 1376 4062 postquam

258 4091 379 4147 maritus
394 4087 554 4147 Callidicae
575 4090 669 4148 factus
683 4090 799 4164 Brygos
820 4090 882 4147 acie
901 4090 1042 4146 instructa
1062 4088 1189 4146 feliciter
1202 4085 1373 4160 prostravit,

261 4186 352 4247 redux
372 4186 488 4244 tandem
508 4186 538 4243 in
557 4186 682 4259 patriam
702 4185 831 4244 aOirces
852 4202 960 4256 suoque
974 4184 1033 4243 filio
1048 4186 1175 4244 cominus
1188 4181 1371 4242 interficitur.
