3038 5108
654 384 873 447 ..76-

203 605 295 670 tenet,
328 601 358 657 in
389 601 441 658 tali
471 615 583 670 qnoque
613 599 742 670 periculo
767 614 904 661 summam
929 616 991 659 esse
1011 616 1164 672 personam
1183 601 1235 659 vel
1256 598 1328 661 inde

203 699 360 771 colligitur,
387 697 462 769 quod
483 698 581 755 hostes
601 696 657 770 ipsi
677 712 731 768 per
752 697 874 769 spissam
894 698 988 756 noctis
1008 698 1168 770 caliginem,
1190 699 1242 771 qui
1265 700 1327 757 sint

204 795 376 861 adversarii,
409 795 523 852 omnino
549 793 638 852 nescii
663 794 846 851 nihilominus
867 794 983 852 Ulixem
1004 794 1105 854 adesse
1126 796 1227 853 statim
1250 796 1323 855 divi·

202 897 286 960 nant,
318 900 434 963 praeter
464 907 547 962 quem
573 907 655 948 nemo
681 891 741 948 tale
762 891 907 964 inceptum
927 892 958 948 in
979 892 1104 949 animum
1123 892 1322 969 induxerit¹);

202 1004 293 1060 neque
319 989 413 1046 minus
444 989 558 1046 Hector
588 987 707 1046 subinde
728 987 881 1057 advolans,
913 988 981 1060 quid
1002 989 1037 1047 de
1058 990 1148 1048 Rhesi
1168 1006 1322 1063 percusso·

202 1087 281 1146 ribus
302 1087 417 1155 sentiat,
439 1085 484 1144 his
504 1086 601 1145 verbis
622 1085 824 1158 complectitur
843 1103 870 1146 v.
893 1087 947 1144 861
973 1103 1029 1157 sq.:

414 1183 459 1242 uod
479 1181 551 1241 ταῦτ’
569 1180 717 1246 Ὀδυσσεύς
738 1198 744 1212 ·
766 1181 806 1247 τίς
825 1183 875 1261 γὰρ
897 1181 979 1247 ἄλλος
1000 1181 1031 1241 ἄν
1052 1205 1119 1242 ποτε

413 1282 524 1357 ἔδρασεν
545 1279 563 1357 ἢ
580 1278 735 1357 ’βούλευσεν
752 1278 884 1356 Ἀργείων
906 1280 986 1359 danim
1007 1338 1011 1343 ,

200 1393 323 1449 quocum
345 1378 451 1436 iudicio
472 1378 598 1436 eiusdem
621 1378 728 1435 dictum
750 1379 898 1451 conspirat
917 1396 944 1438 v.
967 1379 1025 1437 952
1046 1395 1102 1450 sq.:

248 1488 251 1494 '
412 1472 467 1553 ᾔδη
488 1473 546 1533 τάδ’
569 1494 574 1504 ·
598 1474 675 1533 οὐδὲν
697 1474 822 1550 μάντεων
844 1476 897 1533 ἔδει
918 1474 1017 1553 φράσαι

412 1571 565 1635 Ὀδυσσέως
584 1571 702 1650 τέχναισι
720 1570 791 1630 τόνδ’
813 1571 947 1631 ὀλωλότα.

200 1669 254 1727 Est
275 1670 366 1742 igitur
385 1670 432 1727 hio
446 1670 557 1739 Ulixes,
579 1685 662 1739 quem
682 1674 776 1727 totum
795 1685 900 1728 nomen
914 1670 1068 1728 Troianum
1089 1687 1175 1743 quam
1193 1673 1320 1731 maxime

199 1767 296 1838 timet,
329 1767 413 1824 homo
444 1767 538 1825 audax
568 1782 753 1840 pugnaxque,
786 1768 864 1840 quali
894 1768 1044 1826 bellatoris
1069 1769 1166 1837 asperi
1193 1785 1321 1843 persona

200 1863 320 1920 callidus
341 1868 370 1920 et
390 1861 528 1921 facundus
548 1863 720 1922 Laertiades
741 1881 759 1922 a
779 1865 874 1937 poetis
895 1864 1048 1937 scaenicis,
1077 1869 1216 1936 quantum
1236 1867 1321 1926 vide·

198 1976 270 2031 mus,
292 1960 365 2018 alias
385 1951 529 2032 nunquam
549 1962 709 2021 instruitur.

278 2058 398 2116 Finibus
419 2059 583 2116 continetur
603 2058 763 2128 artissimis,
786 2058 922 2130 quioquid
936 2077 972 2117 ex
987 2061 1138 2132 permultis
1153 2065 1319 2120 ceterorum

198 2160 347 2214 auctorum
378 2156 537 2228 tragoediis
568 2156 604 2214 de
634 2156 720 2214 Ulixe
753 2156 944 2217 enucleamus.
986 2158 1051 2216 Duo
1082 2163 1181 2216 tamen
1207 2162 1318 2220 veteris

198 2252 290 2327 mythi
322 2254 504 2311 narrationes
535 2254 612 2311 solus
648 2253 696 2310 Ion
727 2269 846 2312 scaenae
877 2255 991 2326 aptavit
1026 2256 1057 2312 in
1090 2254 1208 2326 fabulis,
1241 2274 1317 2329 qnae

199 2350 372 2409 Custodes
399 2355 428 2407 et
448 2351 573 2408 Laertes
597 2350 802 2409 inscribuntur.
846 2351 948 2410 Priore
970 2353 1046 2410 eninr
1066 2353 1197 2412 dramate
1218 2355 1317 2414 Ulixis

197 2448 316 2506 Troiam
336 2448 434 2519 illapsi
455 2448 684 2520 explorationem
697 2464 760 2506 esse
775 2447 948 2521 descriptam
962 2449 1093 2508 Nauohio
1108 2453 1316 2523 comprobante

196 2547 254 2604 iam
274 2545 447 2604 Welckerus
472 2545 609 2614 coniecit,
642 2545 679 2603 ad
704 2545 780 2616 qnod
806 2551 1006 2618 argumentum
1026 2548 1078 2606 illa
1098 2549 1188 2606 etiam
1207 2549 1317 2608 incerti

197 2643 324 2702 auctoris
345 2641 500 2720 Πτωχεία
521 2642 688 2718 pertinet2).
729 2644 826 2714 Atque
847 2643 957 2700 iamin
977 2644 1137 2721 Odyssea⁸)
1159 2650 1189 2704 et
1209 2646 1316 2705 Proclo

196 2746 272 2799 teste
292 2741 323 2798 in
336 2740 435 2798 Parva
454 2741 554 2809 iliade,
576 2746 609 2798 ut
626 2738 788 2814 vidimns4),
811 2739 912 2799 Ulixes
923 2741 1029 2807 Troiae
1045 2743 1174 2816 cognitus
1188 2758 1313 2803 summo-

197 2855 253 2909 que
283 2838 360 2895 vitae
386 2838 551 2896 discrimine
577 2838 789 2896 circumuentus
809 2838 908 2897 multis
928 2837 1064 2898 Troianis
1093 2837 1255 2898 interiectis
1276 2841 1315 2901 ad

107 2948 112 2967 ¹·
198 2950 315 2992 snorum
329 2938 425 2992 castra
438 2934 557 2992 rediisse
571 2941 761 3008 memoratum
780 2941 811 2994 et
824 2936 957 2995 similiter
970 2936 1062 2995 Rhesi
1074 2938 1198 3010 scriptor
1210 2935 1314 2998 Troia-

198 3047 251 3089 nos
282 3032 348 3089 illos
379 3036 481 3103 portae
513 3031 644 3090 custodes
676 3044 738 3090 esse
769 3033 976 3105 intellegendos
1002 3034 1087 3093 docet
1107 3051 1135 3095 v.
1157 3035 1231 3094 too:

410 3127 516 3188 κτανὼν
538 3127 568 3185 δὲ
589 3128 723 3206 φρουροὺς
743 3129 789 3188 καὶ
809 3128 981 3206 παραστάτας
1000 3133 1094 3189 πυλῶν

410 3224 517 3303 ἐξῆλθε.
542 3258 578 3267 -
642 3246 645 3251 ·

275 3320 468 3382 Nihilominus
490 3323 588 3381 dubito
610 3339 678 3381 num
699 3324 794 3382 abhis
813 3324 979 3384 custodibus
990 3325 1068 3385 Ionis
1088 3324 1187 3384 fabula
1208 3341 1313 3385 nomen

196 3421 350 3495 acceperit,
374 3420 508 3492 qnoniam
528 3420 635 3479 nullius
656 3421 726 3479 mihi
746 3422 912 3496 tragoediae
933 3424 964 3482 in
982 3428 1106 3481 mentem
1120 3424 1208 3494 venit,
1230 3424 1313 3483 cuins

196 3519 284 3577 etiam
316 3519 419 3577 chorus
449 3518 653 3587 interficiebam
689 3520 798 3578 rectius
829 3537 878 3580 eos
903 3521 1036 3581 custodes
1056 3537 1119 3580 esse
1138 3520 1313 3581 Welcherus

194 3615 320 3689 putati),
351 3616 400 3687 qui
420 3615 546 3686 Ulixem,
568 3617 613 3675 oni
636 3616 751 3675 obviam
770 3617 842 3675 finnt
871 3620 971 3677 urbem
991 3619 1123 3689 intranti,
1145 3619 1252 3678 ducunt
1274 3619 1313 3678 ad

197 3713 340 3785 Pergama
374 3714 472 3785 ibique
511 3717 579 3772 ante
610 3713 738 3772 Helenae
773 3718 803 3772 et
833 3714 979 3788 Deiphobi
1009 3716 1124 3774 domum
1155 3716 1312 3776 chorentue

267 3933 289 3999 ¹)
317 3950 342 3989 v.
361 3935 413 3989 704
437 3947 498 4002 sqq.
558 3933 580 4003 ²)
610 3932 692 4002 Trag.
710 3931 752 3988 III
769 3949 797 4004 p.
817 3933 881 4000 9513
909 3932 1020 4004 Fragm.
1042 3936 1112 4004 trag.
1132 3933 1179 3992 (ir.
1197 3951 1225 4004 p.
1251 3935 1312 3992 195.

195 4021 217 4092 3)
237 4021 251 4073 b
270 4022 320 4076 257
340 4038 381 4093 sq.
418 4021 442 4091 ⁴)
460 4035 488 4090 p.
510 4023 541 4075 17
561 4036 623 4092 sqq.
659 4020 681 4092 5)
702 4019 783 4090 Trag.
802 4019 844 4075 III
862 4037 889 4090 p.
909 4023 961 4077 948
980 4037 1022 4093 sq.
