3038 5108
642 399 865 462 ..35-

194 613 292 671 verbis
311 613 383 670 haec
403 610 574 669 addidisset:
602 608 634 668 οὗ
654 609 706 687 γὰρ
726 608 795 687 αὐτὴ
818 608 939 687 ἤλειψεν,
961 609 1019 669 ἀλλ’
1041 609 1158 669 ὑπέθετο
1175 607 1330 669 Ὀδυσσεῖ.

196 709 301 780 Itaque
346 724 410 766 cum
455 724 554 766 versus
593 708 679 780 plane
719 707 797 765 idem
837 708 894 765 sibi
935 709 1039 780 velint,
1086 708 1163 779 quod
1204 691 1331 780 legitur

196 806 228 863 in
247 804 302 863 0d.
323 828 345 880 μ
366 807 423 864 155
445 822 517 876 sqq,
537 804 587 863 ubi
607 804 723 877 quidem
736 804 830 876 Circe,
851 810 886 862 ut
905 821 992 863 aures
1011 807 1153 864 sociorum
1173 822 1247 864 cera
1267 807 1332 862 ob·

196 907 284 971 buret,
315 903 429 962 Ulixem
460 906 578 974 praeter
604 899 738 959 Sirenum
767 902 877 959 insulas
906 906 1138 960 transvecturum
1166 903 1328 974 hortatur,

198 997 325 1056 Alcman
344 999 469 1056 hicnon
494 1004 556 1055 tam
581 997 705 1055 mutarit
733 997 826 1069 mytbi
856 1001 1031 1055 structuram
1060 1015 1146 1069 quam
1165 999 1330 1056 Homerici

197 1095 254 1152 loci
275 1095 361 1166 paulo
382 1095 448 1152 aliis
468 1100 499 1153 et
518 1095 659 1167 ambiguis
678 1094 773 1152 verbis
793 1095 968 1152 mentionem
987 1095 1067 1152 fecit

276 1190 382 1249 Nullus
402 1193 471 1249 olim
484 1196 572 1264 poeta
583 1191 693 1264 lyricus
712 1192 744 1249 in
756 1192 885 1248 fabulam
897 1191 1032 1250 Ulixeam
1052 1197 1167 1249 tantum
1180 1192 1328 1261 contulit,

198 1294 337 1360 quantum
358 1289 593 1359 Stesichorus,
872 1310 883 1328 ·

356 1384 388 1443 οὗ
408 1385 479 1444 κατὰ
497 1385 659 1463 Πυθαγόρου
680 1385 793 1462 φυσικᾶν
811 1386 890 1463 φάτιν
911 1387 929 1444 ἁ
949 1385 1010 1464 πρὶν
1027 1385 1152 1464 Ὁμήρου

356 1481 432 1560 ψυχὰ
452 1481 491 1539 ἐνὶ
511 1482 629 1559 στέρνοις
649 1480 776 1560 δεύτερον
801 1482 952 1556 &airardi

277 1578 415 1637 Carmina
436 1579 519 1651 enim,
546 1596 621 1650 quae
645 1580 838 1652 Iliupersis
858 1579 974 1638 Helena
997 1580 1084 1639 Nosti
1107 1580 1325 1655 inscribuntur,

196 1675 374 1749 amplissima
396 1677 532 1734 nimirum
551 1676 727 1734 Laertiadae
746 1678 886 1735 memoria
904 1678 1049 1736 instructa
1068 1682 1160 1736 eraut.
1195 1678 1270 1737 Hoc
1284 1679 1328 1737 de

196 1774 289 1846 primo
309 1774 411 1831 saltem
431 1778 519 1831 cantu
538 1790 591 1846 pro
616 1778 695 1832 certo
721 1773 862 1831 affirmari
886 1779 992 1846 potest,
1023 1790 1078 1845 quo
1100 1775 1207 1832 Troiae
1237 1776 1326 1834 exci-

198 1871 277 1928 dium
297 1876 357 1928 tam
378 1871 528 1944 splendide
541 1873 712 1930 Himeraeus
731 1876 820 1944 poeta
840 1872 1001 1945 descripsit,
1022 1878 1057 1930 ut
1076 1890 1135 1930 non
1147 1872 1244 1930 solum
1257 1873 1324 1933 Dio

197 1965 419 2042 chrysostomus
432 1968 547 2026 laudem
560 1968 726 2040 Ilinpensidi
739 1967 890 2026 mirificam
902 1969 1083 2045 largiatur),
1104 1986 1204 2028 verum
1224 1971 1324 2028 etiam

198 2066 249 2135 qui
278 2065 407 2123 tabulam
437 2065 559 2123 iliacam
589 2064 722 2132 confecit,
753 2066 785 2122 in
809 2066 866 2122 hac
886 2067 1049 2136 argumenti
1073 2072 1157 2139 parte
1176 2066 1324 2138 fingenda

198 2163 278 2221 illius
302 2164 505 2220 auctoritatem
529 2177 592 2220 sese
617 2162 780 2233 amplexum
805 2163 981 2233 pronuntiet
1022 2162 1200 2236 Quamquam
1220 2164 1324 2236 igitur

198 2260 308 2316 nullum
328 2259 463 2318 carminis
476 2258 666 2331 fragmentum
687 2263 790 2330 exstat,
813 2275 870 2329 qua
883 2258 919 2315 de
932 2259 1100 2331 Polyxenae
1114 2260 1323 2320 immolatione

199 2356 338 2414 certiores
368 2353 478 2424 fiamus,
508 2356 582 2412 hanc
612 2371 674 2412 rem
704 2359 802 2412 tamen
831 2355 862 2412 in
887 2356 1011 2429 imagine
1035 2357 1089 2413 illa
1111 2357 1242 2415 videmus
1265 2375 1322 2415 ex·

198 2466 335 2524 pressam.
377 2451 452 2508 Sane
472 2467 541 2510 vero
567 2468 660 2524 nuper
682 2451 728 2508 vir
748 2451 886 2523 eruditus,
911 2452 1064 2524 Lysander
1082 2454 1213 2512 Konstas
1232 2453 1321 2514 Neo-

199 2547 359 2622 graecus³),
380 2546 429 2618 qui
447 2551 478 2604 et
490 2547 614 2605 aliorum
634 2552 792 2620 poetarum,
814 2564 886 2619 quos
906 2553 1040 2608 auctores
1060 2549 1153 2620 affert,
1176 2550 1265 2610 libris
1288 2557 1323 2610 et

198 2645 254 2703 boc
274 2642 456 2703 Stesichoreo
477 2645 603 2703 carmine
624 2645 741 2703 tabulae
762 2644 894 2717 opificem
913 2645 1061 2703 liberrime
1082 2663 1164 2704 usum
1183 2663 1246 2706 esse
1262 2648 1321 2706 de·

199 2743 387 2808 monstrabat,
407 2742 482 2798 hanc
499 2742 592 2815 ipsam
606 2741 829 2814 descriptionem
842 2742 879 2800 ad
891 2742 1063 2814 Euripidem
1075 2744 1186 2802 referre
1199 2745 1319 2819 maluit,

200 2843 320 2912 propter
338 2839 415 2896 hanc
433 2853 520 2895 uuam
540 2854 665 2909 causam,
686 2839 763 2908 quod
782 2839 835 2895 illa
847 2839 955 2910 tragici
972 2835 1126 2916 narratio⁴)
1146 2841 1233 2899 nimis
1247 2857 1319 2899 cum

200 2936 255 2993 hac
275 2935 408 3007 picturae
428 2937 573 3008 particula
593 2937 781 3007 conspiraret,
813 2952 878 2994 eum
897 2943 996 2994 tamen
1016 2935 1175 2996 Stesichori
1194 2953 1320 2996 carmen

200 3033 286 3105 plane
307 3032 492 3104 exscripsisse
511 3048 615 3104 purum
634 3033 783 3104 probabile
803 3038 888 3091 esset.
922 3033 963 3090 At
982 3034 1112 3103 quamvis
1131 3035 1201 3091 mihi
1219 3035 1320 3094 multa

199 3129 352 3187 Konstasii
371 3129 513 3200 placeant,
544 3129 618 3186 hanc
647 3129 786 3187 rationem
818 3129 950 3201 accipere
975 3146 1095 3200 nequeo,
1126 3132 1231 3203 quippe
1256 3148 1320 3202 qua

200 3225 288 3284 etiam
320 3242 426 3298 panca,
467 3242 541 3297 qnae
577 3232 736 3299 temporum
775 3225 903 3284 edacitas
939 3228 1021 3284 uobis
1054 3227 1188 3298 indulsit,
1228 3231 1318 3287 testi·

200 3326 297 3382 monia
316 3325 400 3395 quasi
419 3328 528 3382 temere
549 3329 723 3384 evertantur.
757 3324 794 3382 In
806 3323 970 3382 universnm
983 3324 1061 3382 haud
1082 3324 1166 3382 dubie
1178 3325 1318 3398 imaginis

201 3421 408 3480 delineationes
427 3421 459 3478 in
479 3420 636 3480 Stesichori
656 3426 789 3493 poemate
812 3421 956 3478 nituntur:
988 3422 1044 3479 hoc
1063 3421 1125 3494 ipse
1144 3422 1191 3478 vir
1210 3422 1317 3482 doctus

200 3518 278 3575 band
297 3519 405 3577 invitus
426 3518 571 3585 concedit3
597 3534 649 3575 cur
668 3518 783 3576 tandem
803 3518 858 3576 tali
878 3518 934 3577 isto
955 3523 1125 3589 argumento
1146 3518 1317 3590 aptissimas

201 3615 392 3673 ratiocinandi
416 3630 503 3672 anuas
522 3614 653 3672 manibus
672 3615 779 3672 nostris
800 3616 966 3686 extorqueri
991 3613 1154 3687 patiamur?
1194 3615 1316 3688 Euripi·

201 3709 266 3768 dem
287 3726 379 3767 nonne
399 3711 430 3768 in
450 3709 601 3768 scribenda
612 3710 715 3769 Medea
729 3715 758 3768 et
770 3712 934 3769 universam
947 3712 1118 3784 tragoediae
1138 3716 1317 3770 structuram

202 3813 233 3865 et
251 3811 329 3866 totos
350 3810 437 3867 etiam
456 3825 558 3868 versus
577 3826 613 3868 ex
634 3810 799 3884 cognomine
812 3810 995 3883 Neophronis
1015 3812 1114 3869 fabula
1133 3810 1211 3869 haud
1231 3810 1315 3869 dubi-

275 4029 295 4095 ¹)
314 4027 430 4084 Anthol.
447 4025 507 4085 Pal.
528 4026 580 4081 VII
602 4029 645 4084 75.
699 4030 721 4098 ²)
742 4027 789 4084 Or.
809 4031 835 4099 2,
853 4030 895 4085 33.
951 4029 975 4096 3)
998 4026 1064 4083 diss.
1081 4029 1174 4096 inaug.
1194 4026 1315 4096 Tubing.

204 4117 282 4170 1876.
301 4132 329 4185 p.
348 4117 383 4170 43
402 4131 443 4186 sq.
481 4114 503 4184 ⁴)
522 4114 627 4170 Hecnb.
646 4117 697 4170 556
717 4131 778 4187 sqq.
