3038 5108
719 470 937 534 ..2ss-

349 680 523 740 Atridarum
557 681 679 751 deniqne
714 680 898 752 discordiam,
940 695 1027 752 qnam
1060 680 1233 751 profecturis
1266 680 1394 737 tandem

271 780 381 837 Danais
412 777 565 837 conflatam
591 794 654 836 esse
673 778 794 836 Proclns
819 778 849 835 in
870 777 1015 835 narrando
1035 777 1193 836 Nostorum
1214 782 1393 849 argumento

271 881 403 949 testatur,
426 877 483 934 iam
505 874 582 948 apud
596 875 745 933 Arctinum
767 880 895 932 statuere
916 872 1117 948 Welclrerns1)
1139 874 1202 930 iure
1222 875 1394 945 meritoque

271 975 392 1038 dubitat.
415 974 462 1031 cui
483 973 651 1045 sententiae,
674 972 848 1032 desideratis
869 972 957 1030 certis
970 971 1151 1043 testimoniis,
1173 971 1298 1028 libenter
1312 971 1392 1028 asti·

271 1072 365 1145 palati
394 1072 431 1129 ad
461 1072 539 1129 aliud
570 1074 629 1128 iam
658 1072 733 1144 cycli
758 1088 860 1143 poema
884 1070 1067 1128 traducimur.
1110 1068 1286 1127 Graecorum
1307 1070 1394 1126 enirn

270 1168 421 1241 profectio,
454 1184 538 1238 qnam
559 1168 690 1226 breviter
709 1169 770 1226 illic
790 1173 937 1226 narratam
958 1167 1090 1235 vidimus,
1118 1165 1209 1222 fusius
1230 1165 1393 1238 exponitur

270 1266 301 1323 in
320 1266 401 1332 Agiae
421 1266 557 1322 Troezenii
578 1267 670 1323 Nostis.
713 1266 795 1324 Petit
815 1271 910 1324 autem
930 1265 1035 1322 Proclo
1061 1268 1136 1321 teste
1162 1263 1277 1320 initium
1297 1268 1394 1334 poeta

270 1364 307 1420 ab
324 1363 374 1420 illo
386 1363 515 1429 discidio,
531 1363 606 1433 quod
616 1364 779 1422 Minervam
793 1363 907 1421 Atridis
922 1363 957 1419 de
971 1362 1069 1419 reditu
1090 1361 1231 1432 ambiguis
1251 1359 1392 1416 intulisse

272 1460 380 1517 iamin
401 1459 453 1520 Od.
475 1481 491 1532 γ
513 1461 569 1518 136
592 1477 652 1533 sqq.
674 1477 762 1519 senex
782 1461 881 1534 Pylius
901 1466 1009 1518 narrat.
1051 1460 1182 1529 Namque
1212 1457 1286 1515 iram
1313 1457 1392 1512 deae

271 1555 447 1626 Agamemno
462 1557 630 1628 priusquam
644 1574 767 1616 ancorae
788 1558 937 1616 solvantur
957 1555 1106 1615 sacrificiis
1127 1555 1261 1612 nimirum
1282 1553 1393 1610 sedare

271 1651 382 1722 studet3
415 1653 564 1710 Menelaus
595 1669 652 1710 non
676 1654 759 1723 item,
791 1654 842 1724 qni
872 1671 935 1712 cum
956 1653 1065 1725 regium
1085 1650 1205 1710 fratrem
1224 1651 1256 1708 in
1275 1651 1335 1707 hac
1357 1666 1392 1707 re

270 1764 388 1821 operam
402 1750 524 1821 perdere
538 1751 610 1808 bene
625 1751 790 1823 perspiciat,
813 1751 985 1823 suffragatur
999 1750 1096 1822 potius
1117 1749 1232 1807 reditui.
1275 1734 1348 1820 Qua
1360 1746 1393 1802 in

273 1846 449 1904 dissensione
469 1848 613 1919 principes
634 1848 676 1905 ita
695 1849 727 1905 in
748 1849 819 1906 duas
838 1854 938 1920 partes
964 1848 1122 1917 discedunt,
1147 1851 1180 1904 ut
1199 1845 1393 1903 Menelaus

270 1960 342 2001 cum
368 1944 522 2004 Nestore
553 1950 588 2001 et
615 1944 719 2003 Ulixe
750 1945 864 2002 domurn
894 1945 1041 2003 rediturus
1069 1944 1243 2001 Tenedum
1274 1946 1391 2014 petat.

271 2041 352 2098 Inter
374 2057 445 2111 quos
466 2047 563 2098 tamen
584 2041 678 2099 altera
699 2042 803 2100 aJove
824 2042 889 2098 rixa
910 2040 1035 2099 conflata
1052 2040 1140 2098 Ulixe
1162 2040 1233 2097 duce
1254 2039 1393 2097 nonnulli

272 2138 302 2195 in
323 2138 402 2208 regis
423 2139 526 2195 summi
550 2138 686 2195 ditionem
711 2143 905 2196 revertuntur.
947 2139 1002 2209 Qui
1031 2139 1110 2210 quali
1140 2147 1217 2195 sorte
1249 2136 1393 2208 deinceps

270 2237 314 2293 usi
335 2236 401 2306 sint,
424 2236 549 2307 amplius
569 2236 676 2293 Nestor
696 2253 754 2293 non
774 2237 965 2307 persequitur,
987 2240 1074 2306 atque
1098 2235 1170 2292 illud
1190 2234 1280 2292 etiam
1300 2234 1392 2304 latet,

270 2333 345 2391 unde
367 2339 486 2391 exortae
507 2335 564 2392 sint
584 2334 761 2394 inimicitiae.
803 2335 905 2406 Neque
926 2335 955 2391 in
977 2333 1185 2404 dulcioreloqui
1206 2333 1263 2390 viri
1280 2349 1395 2390 narra·

270 2431 350 2488 tione
371 2430 544 2488 Laertiades
566 2432 723 2503 praecipua
744 2432 919 2490 auctoritate
939 2430 1035 2488 floret:
1074 2431 1161 2487 immo
1183 2446 1246 2486 cum
1267 2431 1299 2487 in
1320 2431 1393 2488 aliis

269 2528 437 2599 plerumque
469 2527 642 2586 carminibus
673 2528 787 2587 Ulixem
820 2528 983 2600 principum
1014 2528 1158 2585 discordia
1188 2527 1394 2585 seiunctornm

270 2624 426 2683 viderimus
447 2625 671 2691 conciliatorem,
702 2626 749 2683 hic
774 2626 835 2698 ipse
856 2642 969 2697 quoque
990 2626 1197 2683 discedentium
1216 2624 1320 2697 partes
1344 2643 1394 2684 se·

269 2724 351 2779 cutus
381 2721 483 2778 relicta
506 2722 656 2778 communi
681 2738 767 2780 causa
798 2730 885 2795 auget
915 2723 1093 2780 discordiam.
1139 2723 1255 2780 Bellum
1283 2727 1392 2781 tamen

269 2819 424 2877 decennale
446 2823 580 2890 expertus
601 2819 707 2891 optime
728 2820 783 2877 scit
802 2820 984 2889 Laertiades,
1005 2826 1112 2890 quanto
1133 2835 1274 2890 quamque
1295 2837 1389 2891 egre-

268 2917 318 2986 gio
339 2932 437 2973 amore
457 2916 514 2988 ipsi
533 2917 605 2973 haec
627 2917 682 2974 dea
696 2916 803 2986 faveat,
825 2919 929 2989 quippe
944 2934 1017 2988 quae
1032 2918 1062 2974 in
1076 2917 1254 2975 atrocissimo
1270 2933 1392 2988 quoque

269 3012 384 3071 Ulixem
406 3012 569 3070 discrimine
590 3014 750 3071 servaverit
774 3019 804 3072 et
828 3016 967 3072 acerrimo
989 3030 1169 3085 nonnunqam
1188 3014 1320 3085 periculo
1345 3014 1393 3072 di-

268 3109 377 3167 vinitus
398 3109 551 3180 eripuerit;
573 3126 666 3181 neque
688 3117 839 3182 postquam
860 3128 923 3168 cum
944 3112 1067 3169 Nestore
1089 3117 1118 3169 ot
1137 3110 1269 3169 Menelao
1290 3111 1392 3168 Tene-

269 3206 336 3263 dum
356 3210 537 3263 transvectns
559 3211 611 3276 est,
633 3205 702 3264 forti
722 3207 771 3265 ille
792 3207 920 3266 liberove
943 3214 1024 3265 caret
1043 3207 1169 3278 ingenio.
1201 3208 1390 3280 Ignoramus‚

270 3319 354 3374 quam
394 3304 429 3360 ob
471 3319 532 3360 rem
572 3307 669 3376 partes
710 3304 794 3362 modo
836 3310 982 3376 susceptas
1022 3311 1083 3361 tam
1124 3304 1204 3362 brevi
1243 3305 1393 3376 temporis

268 3401 363 3473 spatio
390 3401 542 3458 interiecto
562 3401 723 3470 remiserit3
756 3401 822 3459 inde
842 3406 948 3468 tamen,
975 3401 1051 3472 qnod
1072 3402 1170 3458 statim
1191 3399 1313 3458 adrem
1337 3401 1390 3459 de·

269 3505 376 3556 sertam
396 3498 561 3569 revertitur,
583 3498 761 3570 poenitentia
780 3498 904 3570 quadam
918 3516 953 3557 ao
970 3499 1090 3556 meliore
1103 3497 1242 3556 instinctu
1257 3513 1391 3555 commo-

268 3600 329 3651 tum
360 3594 453 3652 denno
480 3601 587 3653 sortem
614 3612 696 3652 snam
717 3612 781 3653 cum
802 3597 905 3653 summi
925 3596 1063 3669 principis
1084 3595 1203 3653 consilio
1225 3598 1391 3654 communi-

269 3708 349 3751 casse
369 3694 419 3752 vix
445 3692 520 3751 falso
547 3695 718 3766 collegerim.
761 3694 861 3767 Atque
883 3711 946 3753 cum
967 3693 1182 3768 Agamemnone
1202 3692 1302 3751 Ulixis
1324 3693 1391 3751 for-

270 3794 369 3846 tunam
401 3806 457 3847 non
488 3791 532 3848 ita
556 3792 669 3864 longum
696 3798 809 3863 tempus
831 3792 1010 3851 coniunctam
1032 3792 1120 3850 fuisse
1141 3808 1177 3849 ex
1196 3790 1304 3847 Aesch.
1329 3791 1392 3864 Ag.

269 3886 327 3944 805
350 3903 409 3958 sqq.
433 3887 535 3945 elucet.
564 3889 642 3959 Quae
663 3889 688 3946 si
708 3888 829 3946 Atridae
850 3890 938 3947 verba
959 3907 1011 3962 per
1031 3906 1063 3948 se
1084 3889 1217 3946 nimirum
1238 3888 1394 3946 levissima

267 3983 314 4042 vel
335 3983 392 4042 huo
414 3991 582 4043 convertere
602 3986 709 4058 licebit,
731 3985 849 4044 Tenedo
864 3987 913 4045 ille
928 3985 1045 4045 Troiam
1066 3985 1156 4043 redux
1177 3985 1254 4042 solus
1275 3985 1393 4056 princi·

339 4197 362 4263 ¹)
381 4194 399 4251 l.
419 4211 441 4251 c.
461 4211 488 4264 p.
510 4197 569 4251 188.
