3038 5108
648 501 864 564 ..12-

199 713 455 782 subsequerentur:
477 712 494 788 ἡ
517 710 619 787 ἱστορία
639 710 713 787 παρὰ
733 713 788 773 τοῖς
807 712 950 772 κυκλικοῖς.
995 710 1048 768 Cui
1063 711 1319 768 adnotatiunculae

200 808 296 865 nescio
317 824 354 865 an
374 807 399 866 is
425 807 509 865 fidem
536 808 679 877 tribuerit,
712 807 760 878 qui
786 823 850 864 cum
871 806 1018 863 Ludovico
1039 805 1137 863 Adam
1159 810 1318 878 propterea

200 905 275 974 quod
307 903 463 976 Sophocles
495 909 526 961 et
556 901 734 974 Euripides¹)
765 904 936 974 tragoediis,
973 903 1074 959 tabula
1107 902 1316 975 Polygnotus2)

203 1001 279 1058 hanc
299 1001 479 1058 historiolam
499 1006 716 1073 proposuerunt,
738 1001 861 1071 primum
882 1017 900 1057 a
919 1000 1034 1074 cyclicis
1057 1001 1152 1070 poetis
1165 999 1318 1057 confictam

201 1113 263 1156 esse
284 1102 392 1155 temere
414 1095 588 1172 opinetur⁸>;
614 1099 695 1168 qnasi
721 1098 758 1154 ad
780 1114 867 1154 unum
888 1097 983 1153 omnia
1003 1098 1039 1153 ab
1062 1097 1121 1154 illis
1143 1102 1318 1168 argumenta

126 1225 129 1230 -
200 1194 325 1252 scaenici
344 1200 448 1266 poetae
469 1196 593 1252 mutuati
613 1195 680 1252 sint.
721 1194 813 1251 Istam
833 1210 902 1253 vero
923 1194 1063 1251 rationem
1078 1194 1315 1251 sublestissimam

201 1307 263 1348 esse
285 1297 315 1348 et
335 1307 388 1363 per
408 1309 440 1349 se
460 1296 542 1364 patet
562 1296 592 1349 et
613 1291 648 1350 Gr.
671 1291 856 1348 Hinrichsins
880 1290 910 1347 in
931 1291 998 1347 libri
1018 1291 1096 1347 iilius
1117 1291 1315 1365 recensione⁴)

201 1389 347 1458 sagaciter
368 1388 586 1458 demonstravit,
608 1388 683 1445 unde
705 1388 763 1444 ista
783 1388 872 1445 verba
891 1387 1075 1458 grammatici
1090 1389 1259 1459 posterioris
1280 1389 1316 1445 de

201 1483 316 1543 fabulae
336 1485 416 1543 fonte
437 1484 572 1542 nimirum
592 1484 661 1542 falsi
682 1485 907 1542 additamentum
933 1500 996 1542 esse
1015 1485 1079 1542 veri
1101 1490 1180 1542 certe
1202 1485 1316 1542 similli-

200 1598 277 1637 mum
297 1579 340 1640 fit.

217 1686 223 1698 '
279 1679 363 1736 Alter
389 1679 470 1736 locus
495 1678 572 1750 apud
597 1678 783 1736 scholiastam
808 1679 868 1735 cod.
892 1677 980 1735 Marc.
1009 1680 1079 1738 476.
1105 1680 1142 1736 ad
1169 1679 1315 1752 Lycophr.

201 1774 267 1832 570.
290 1771 477 1849 repented),
499 1776 549 1844 qui
571 1775 607 1832 ad
628 1776 831 1832 auctoritatem
851 1773 1052 1850 Pherecydisl)
1075 1776 1179 1833 Anium
1201 1776 1316 1833 Delium

201 1871 321 1929 Graecis
341 1890 378 1929 ex
398 1872 503 1930 itinere
524 1873 561 1929 ad
582 1889 644 1930 sese
663 1873 844 1931 venientibus
859 1873 1035 1943 persuasisse
1050 1878 1262 1942 commemorat,
1283 1877 1316 1929 ut

198 1984 300 2026 novem
322 1970 399 2039 apud
420 1969 514 2042 ipsum
535 1985 625 2026 annos
645 1974 837 2040 versarentur,
860 1970 1021 2040 pollicitum
1043 1971 1161 2042 insuper
1174 1972 1211 2027 ab
1226 1971 1316 2042 ipsius

179 2064 310 2122 ¹filiabus
341 2065 413 2135 fore,
446 2071 480 2124 ut
509 2067 633 2138 largiter
658 2067 811 2125 alerentur.
852 2066 926 2124 Erat
951 2072 1048 2124 autem
1068 2068 1235 2138 virginibus
1255 2067 1315 2124 illis

198 2177 301 2219 nomen
313 2162 495 2234 Oenotropis‚
517 2180 636 2234 quarum
657 2164 759 2236 prima,
781 2168 813 2220 ut
833 2164 920 2234 paulo
942 2169 1009 2221 ante
1029 2164 1060 2221 in
1081 2165 1190 2222 scholio
1213 2182 1315 2222 narra·

197 2264 253 2329 tur,
276 2276 329 2331 per
342 2260 451 2317 Bacchi
471 2262 599 2332 gratiam
620 2260 716 2318 omnia
736 2260 867 2318 manibus
889 2261 1031 2332 impositis
1046 2261 1196 2334 invirum,
1219 2264 1315 2320 altera

196 2356 431 2428 intrumentum,
459 2358 549 2415 tertia
570 2359 600 2415 in
620 2359 714 2415 oleum
735 2363 848 2415 mutare
869 2363 993 2430 poterat.
1036 2359 1106 2417 Jam
1129 2376 1195 2417 vero
1216 2361 1315 2432 pergit

197 2455 403 2524 grammaticus
423 2455 501 2513 hisce
522 2455 631 2513 verbis:
659 2457 713 2512 ἔστι
739 2454 769 2512 δὲ
794 2457 892 2512 τοῦτο
914 2453 960 2513 καὶ
980 2453 1054 2531 παρὰ
1074 2459 1131 2518 τοῖς
1151 2455 1184 2512 τὰ
1205 2454 1315 2532 Κύπρια

197 2551 364 2627 reuocanda,
392 2553 441 2609 ubi
462 2552 632 2610 vocabulum
652 2554 732 2609 τοῦτο
754 2552 791 2608 ad
812 2558 904 2611 totam
922 2553 998 2610 haud
1019 2552 1111 2623 dubie,
1138 2570 1212 2624 quae
1231 2559 1313 2611 ante-

197 2649 282 2718 cedit,
298 2650 492 2707 narrationem
507 2648 690 2707 referendum
706 2654 756 2707 ast.
799 2649 921 2707 Tzetzes
934 2654 1039 2715 tamen,
1060 2650 1139 2707 ouius
1154 2651 1313 2707 uberrimas

197 2745 235 2802 ad
255 2747 475 2819 Lycophronem
497 2752 580 2804 notas
594 2745 767 2804 Welckerns
787 2752 856 2804 tunc
876 2746 953 2804 solas
974 2751 1040 2803 ante
1061 2747 1157 2804 oculos
1178 2747 1311 2816 habebat,

196 2843 270 2901 idem
294 2845 426 2901 nimirum
448 2849 533 2914 atque
554 2849 637 2902 vetus
658 2844 812 2902 scholiasta
830 2844 957 2901 dicturus
971 2845 1044 2901 haec
1057 2844 1180 2915 profert:
1204 2843 1313 2918 μέμνη-

196 2960 239 2996 ται
263 2939 392 2997 τοότων
419 2943 464 3000 καὶ
489 2941 503 2998 ὁ
528 2940 562 2998 τὰ
582 2939 729 3018 Koupron&
754 2940 983 3018 συγγραψάμενος,
1015 2958 1070 3011 quo
1102 2942 1131 2998 in
1163 2942 1311 2999 enuntiato

197 3035 371 3095 Welckerus
392 3054 491 3097 vocem
511 3037 615 3096 τούτων
637 3039 802 3110 genetivum
816 3039 947 3097 feminini
961 3040 1077 3110 generis
1091 3040 1310 3110 interpretatur,

197 3135 389 3191 revocandum
420 3135 533 3192 scilicet
563 3136 600 3193 ad
621 3136 690 3193 Anii
715 3134 823 3210 filias).
864 3136 988 3193 Errasse
1019 3137 1074 3193 hac
1105 3137 1135 3192 in
1160 3152 1192 3193 re
1217 3136 1312 3193 virum

198 3231 387 3289 clarissimum
409 3232 525 3303 cognita
545 3233 727 3304 grammatici
748 3233 932 3291 adnotatione
955 3234 1024 3291 satis
1039 3238 1171 3305 apparet3
1189 3249 1312 3303 namque

196 3334 260 3387 tota
273 3329 357 3387 Lerii
377 3331 529 3402 scriptoris
550 3330 710 3400 historiola,
733 3347 817 3409 quam
838 3346 856 3386 a
875 3330 955 3402 poesi
968 3330 1141 3388 Welckerus
1155 3332 1312 3387 abhorrere

197 3423 304 3501 dicit⁸)‚
338 3428 397 3485 iam
422 3428 453 3484 in
474 3427 590 3500 Cypriis
615 3428 747 3500 exposita
771 3431 847 3484 erat:
880 3443 936 3498 quo
962 3426 1036 3484 enim
1063 3427 1119 3484 alio
1140 3428 1312 3485 vocabulum

194 3525 274 3581 τοῦτο
306 3529 438 3597 spectare
464 3542 563 3584 censes
587 3527 641 3583 nisi
666 3524 704 3582 ad
729 3529 822 3582 totum
845 3525 925 3582 illius
950 3523 1064 3582 fabulae
1085 3530 1312 3596 argumentum>

196 3620 240 3679 De
260 3622 432 3695 Oenotropis
452 3627 548 3680 autem
573 3629 671 3681 cetera
698 3622 832 3680 docemur
857 3639 875 3679 a
895 3622 1014 3693 Tzotze,
1048 3638 1102 3692 qno
1133 3627 1207 3680 teste
1229 3622 1313 3694 Aga-

196 3734 306 3775 memno
331 3720 360 3776 in
388 3720 467 3779 urbis
493 3720 641 3778 obsidione
662 3721 790 3778 exercitu
810 3737 860 3778 suo
882 3737 1013 3778 annonae
1036 3721 1160 3777 caritate
1181 3721 1313 3792 graviter

267 3884 289 3951 ¹)
309 3883 342 3944 cf.
362 3901 421 3955 cap.
442 3885 491 3941 ill.
537 3887 560 3956 ²)
579 3885 661 3941 Paus.
680 3885 693 3940 Ι
713 3888 756 3956 28,
776 3891 800 3941 6.
846 3885 867 3954 ³)
890 3885 959 3953 „Dio
978 3885 1103 3956 Odyssee
1122 3884 1180 3940 und
1198 3885 1248 3940 der
1267 3901 1312 3955 ep.

196 3971 322 4044 Gyclus‚“
344 3976 420 4033 1880.
439 3990 466 4045 p.
486 3978 529 4032 60.
570 3974 593 4046 ⁴)
617 3974 792 4042 „zeitschrift
809 3973 827 4033 f.
847 3974 873 4030 d.
893 3977 945 4031 ost.
964 3975 1080 4045 Gymn.“
1104 3977 1179 4029 1888.
1198 3990 1225 4043 p.
1247 3975 1313 4040 190;

196 4059 229 4116 ci.
248 4061 331 4118 Roth.
354 4062 384 4116 in
401 4062 482 4118 Burs.
505 4061 609 4119 Annal.
629 4065 706 4119 1881.
726 4063 739 4117 I
757 4079 784 4134 p.
804 4066 864 4119 302.
914 4063 935 4132 ⁵)
955 4080 999 4133 ap.
1017 4062 1128 4118 Kinlrel.
1147 4061 1180 4117 fr.
1200 4079 1241 4132 ep.
1262 4061 1313 4120 Gr.

195 4166 223 4220 p.
242 4153 285 4206 29.
334 4151 356 4220 ο)
377 4149 410 4209 cf.
438 4150 564 4207 Mueller.
592 4150 626 4207 fr.
654 4152 719 4206 hist.
747 4151 794 4210 Gr.
817 4151 830 4206 I
854 4169 881 4222 p.
907 4155 949 4207 94.
998 4153 1020 4222 ⁷)
1049 4151 1124 4223 Cycl.
1144 4151 1182 4207 Ι12
1202 4167 1230 4221 p.
1249 4152 1313 4212 518.

195 4238 218 4309 ⁸)
238 4236 314 4309 Cycl.
333 4239 373 4295 11²
391 4258 418 4311 p.
440 4243 498 4297 108.
946 4263 953 4275 ·
