3038 5108
641 406 856 470 -4g..

194 603 324 661 habitum
344 603 431 662 ullius
451 620 488 661 ex
507 603 595 660 meris
615 589 775 659 maledictis
797 619 859 660 esse
880 598 1064 659 efficiendum
1077 599 1125 656 rel
1139 596 1316 670 Sophoclea,

195 715 280 771 quam
311 698 395 758 modo
427 699 629 767 excitavimus,
662 697 760 756 Aiacis
789 698 949 770 tragoedia⁴
971 696 1145 755 docebimur.
1196 696 1321 768 Optime

195 811 282 869 porro
303 796 334 853 in
347 796 508 854 Telamonii
522 795 679 868 opprobria
701 796 808 852 crimen
828 794 913 852 fictae
935 794 1004 851 olim
1025 793 1061 851 ab
1075 792 1161 851 Ulixe
1181 793 1318 850 msauiae

195 893 326 964 quadrat.
368 893 504 964 Aeschyli
535 893 650 963 quidem
674 893 836 965 fragmenta
861 892 969 949 nullam
994 890 1054 948 tale
1074 889 1144 961 quid
1164 889 1317 948 stameudi

197 1006 296 1048 ansam
317 990 454 1047 exhibent
467 1005 520 1046 neo
541 989 715 1061 cognominis
735 988 918 1046 Pecuniamne
939 987 1054 1045 fabulae
1075 985 1235 1059 fingmento
1256 985 1314 1046 VI.

196 1087 280 1145 nimis
300 1087 410 1156 mutilo,
441 1092 475 1144 ut
494 1087 558 1158 ipse
577 1085 756 1144 Ribbeckius
782 1086 913 1160 mouet¹),
946 1085 1017 1143 satis
1039 1082 1234 1142 confidendum
1256 1088 1315 1142 est.

195 1182 389 1243 Nihilominus
421 1199 486 1255 spes
516 1189 617 1242 nostra
641 1183 705 1241 loco
726 1183 808 1240 Accii
833 1182 975 1254 expletur,
1009 1181 1058 1253 qui
1083 1182 1113 1238 in
1133 1181 1317 1254 tragoediam

196 1296 276 1338 suam
297 1278 334 1338 ad
355 1280 533 1353 Sophocleae
547 1281 670 1338 maxime
684 1279 786 1338 Aiacis
807 1281 954 1352 exemplar
975 1279 1162 1351 compositam
1176 1279 1321 1337 nonnulla

196 1377 283 1435 etiam
315 1395 351 1435 ex
371 1374 518 1449 Aeschylo
551 1377 681 1435 dramate
704 1382 849 1435 momenta
878 1381 1025 1434 mutuatus
1055 1381 1108 1434 est.
1150 1375 1213 1449 Quo
1244 1391 1319 1448 per-

196 1474 290 1531 tinent
310 1475 448 1546 imprimis
468 1491 568 1532 versus
589 1475 632 1532 illi
652 1473 687 1533 11.
709 1476 765 1532 inc.
786 1476 841 1535 inc.
863 1476 976 1533 XXXI:

409 1570 497 1629 (luins
518 1573 578 1643 ipse
599 1572 733 1644 princeps
752 1571 824 1629 iuris
847 1571 960 1628 iurandi
980 1570 1045 1639 fuit,

409 1669 484 1739 qnod
505 1685 603 1726 omnes
623 1668 712 1740 scitis,
734 1669 812 1726 solus
831 1668 961 1740 neglexit
984 1667 1077 1738 fidem,

410 1764 506 1823 furere
528 1766 712 1836 adsimulare,
733 1781 769 1824 ne
791 1765 891 1835 coiret,
912 1765 1031 1822 institit:

411 1860 485 1932 quod
506 1862 535 1918 ni
555 1862 708 1919 Palamedi
727 1862 878 1934 perspicax
898 1861 1051 1933 prudentia

410 1959 495 2016 istius
514 1965 671 2031 perspexet
689 1959 862 2017 malitiosam
888 1958 1047 2027 audaciam,
1110 2008 1125 2032 ‚

410 2055 466 2113 fide
487 2061 620 2113 sacratae
640 2056 685 2114 ius
705 2060 845 2127 perpetuo
866 2053 1014 2127 falleret²).

278 2169 394 2228 Ironice
429 2175 524 2227 autem
548 2169 642 2238 Aiax,
674 2186 747 2241 quae
784 2170 846 2241 ipse
876 2169 1006 2226 facinora
1041 2168 1230 2240 perpetravit,
1263 2168 1320 2226 ad-

198 2267 326 2324 versario
347 2267 450 2325 tribuit
470 2267 505 2325 fr.
528 2269 583 2327 inc.
604 2268 660 2325 inc.
681 2266 816 2325 XXXII:

358 2363 428 2423 Vidi
448 2369 487 2435 te,
508 2363 620 2434 Ulixes,
642 2381 712 2423 saxo
737 2368 911 2423 sternentem
931 2362 1068 2435 Hectora,
1139 2376 1144 2387 ·

358 2462 416 2519 vidi
436 2467 584 2534 tegentem
604 2462 697 2534 clipeo
719 2463 839 2520 classem
856 2461 1008 2528 Doricam3

360 2576 411 2631 ego
432 2564 501 2617 tunc
521 2559 681 2633 pudendam
701 2561 831 2632 trepidus
854 2561 993 2618 hortabar
1013 2559 1120 2632 fugam.

279 2656 361 2715 Haec
375 2656 560 2716 Telamonius
578 2658 607 2714 in
621 2657 769 2728 Nostrum,
785 2658 866 2715 cuius
879 2674 915 2715 ex
928 2673 1064 2729 responso
1078 2671 1170 2726 neque
1184 2655 1320 2729 Aeschy-

198 2752 245 2810 lea
265 2770 319 2811 nec
338 2753 504 2812 Pacuviano
524 2755 562 2812 ad
582 2770 634 2812 nos
653 2760 857 2827 pervenerunt,
890 2755 1014 2826 amplam
1038 2759 1135 2812 tamen
1156 2751 1316 2810 orationem

200 2849 275 2920 apud
295 2851 469 2924 Aeschylum
501 2851 603 2910 deiude
624 2850 743 2910 Ulixem
768 2852 902 2910 habuisse
929 2853 990 2909 iure
1011 2851 1144 2908 nimirum
1165 2849 1320 2920 colligitur

200 2961 236 3001 ex
256 2945 338 3003 Accii
357 2947 455 3004 verbis
475 2945 511 3006 fr.
532 2946 589 3006 VI:

317 3042 410 3100 Huins
430 3060 476 3100 me
498 3043 606 3101 dividia
626 3045 704 3117 cogit
724 3045 789 3116 plus
809 3060 895 3115 quam
917 3050 963 3103 est
982 3045 1143 3116 perloqui.
1166 3076 1202 3086 -

282 3140 423 3198 Similiter
436 3141 584 3213 paululum
605 3146 683 3199 certe
697 3140 837 3214 Aeschyli
858 3142 1041 3214 Thressae,
1063 3141 1214 3200 eGraecis
1233 3139 1316 3212 frag·

201 3237 306 3296 menda
326 3253 384 3294 non
402 3238 615 3304 instaurandae,
636 3239 766 3309 reliqniis
780 3239 925 3297 Accianae
944 3239 1115 3310 tragoediae
1135 3239 1314 3311 supplentur.

200 3332 285 3391 Unde
309 3333 461 3407 Nostrum,
493 3341 528 3392 ut
552 3335 627 3408 apud
648 3335 829 3408 Sophoclem,
862 3337 1003 3394 Teucrum
1028 3337 1105 3394 inter
1136 3341 1166 3394 et
1190 3334 1316 3393 Atridas

200 3433 390 3504 interpretem
404 3433 549 3491 exstitisse
565 3435 770 3505 cognoscimus,
793 3451 847 3505 quo
868 3434 1042 3492 Laertiadae
1061 3435 1152 3491 verba
1171 3431 1206 3490 fr.
1227 3431 1314 3491 XIV.

202 3532 231 3584 et
252 3527 318 3588 XV.
340 3535 471 3601 spectare
485 3529 664 3589 Ribbechius
678 3531 830 3607 exponit³).
863 3531 940 3603 Ergo
955 3547 1011 3590 nou
1031 3532 1123 3590 solum
1142 3531 1191 3589 hic
1203 3530 1317 3588 culmos

203 3767 333 3823 Ceterum
354 3768 429 3824 locos
451 3769 620 3838 tragIcorum
644 3769 718 3824 infra
735 3770 766 3823 in
785 3769 971 3840 epithetornm
990 3768 1141 3837 conspectu
1159 3762 1314 3834 composui;

201 3859 235 3913 cl.
254 3858 401 3926 praeterea
423 3856 486 3915 Istr.
515 3855 548 3913 fr.
568 3859 610 3913 52.
633 3857 663 3911 iu
680 3857 805 3912 Mueller.
825 3855 858 3912 fr.
877 3857 942 3912 hist.
963 3855 1010 3922 Gr.
1032 3854 1091 3924 lp.
1113 3856 1178 3921 4265
1207 3851 1257 3908 Or.
1278 3851 1316 3908 A.

200 3945 237 4000 A.
256 3946 320 4013 313;
340 3944 405 4000 Μ11.
424 3943 490 3999 XIII
504 3947 551 4011 31;
577 3944 653 4001 Serv.
672 3945 708 4000 ad
725 3946 796 4000 Aen.
818 3944 856 3998 VI
876 3946 940 4011 5293
959 3943 1059 4015 Hygin.
1078 3940 1132 3998 fab.
1152 3943 1217 4008 2013
1237 3938 1325 3996 said.

203 4049 224 4088 1.
244 4031 299 4087 Σισ.
317 4033 445 4087 Eustath.
472 4049 499 4102 p.
522 4036 598 4103 1701,
627 4037 673 4100 603
694 4033 784 4091 Treta.
812 4033 877 4102 lyc.
897 4035 957 4088 344.

276 4121 298 4192 ¹)
320 4120 402 4190 Trag.
425 4121 504 4180 Rom.
523 4138 550 4191 p.
571 4122 630 4178 219.
668 4122 689 4192 ²)
708 4123 746 4180 ib.
767 4139 794 4191 p.
814 4124 875 4178 369.
915 4121 937 4193 ³)
959 4121 996 4178 ib.
1015 4139 1043 4192 p.
1062 4121 1114 4177 373
1132 4135 1174 4190 sq.
