3038 5108
711 424 926 488 ..64-

406 532 428 581 a

263 633 320 692 nisi
341 641 393 707 per
413 633 580 692 violentiam
610 633 689 690 nullo
721 638 807 706 pacto
838 633 979 691 inculcari
1002 632 1120 706 poterit.
1162 631 1238 692 Sane
1258 649 1333 706 quas
1353 634 1387 691 in

264 731 424 789 accusando
444 731 500 788 uiri
521 746 623 788 causas
642 730 692 788 ille
715 728 853 801 proferat,
887 729 1001 786 omnino
1022 729 1180 795 nescimus;
1212 745 1385 802 quamquam

264 827 340 897 quod
353 826 729 886 WelckernsLaertiadam
748 827 797 884 hic
812 827 912 884 eodem
926 826 1046 884 crimine
1065 841 1148 883 usum
1169 827 1283 896 conicit,
1304 827 1386 898 quod
1457 888 1462 898 ,

265 914 414 994 Vergilius
435 924 545 991 innuat,
567 923 754 981 Palamedem
768 922 832 980 dico
856 923 941 994 „quia
961 922 1039 980 bella
1051 922 1212 997 vetaret“¹)
1233 922 1264 980 in
1283 924 1384 996 prodi·

265 1021 338 1077 toris
359 1010 551 1092 suspicionem
571 1020 713 1091 incidisse,
736 1019 900 1077 satiabere
921 1020 1020 1076 hocin
1033 1035 1131 1077 rerum
1152 1035 1290 1077 conexum
1310 1037 1385 1092 qua·

265 1117 352 1174 drare
373 1133 489 1184 censeo;
512 1118 618 1175 etenim
640 1133 704 1175 cum
722 1117 822 1176 Ulixes
835 1115 1010 1188 Sophoclens
1024 1116 1091 1173 inde
1111 1132 1130 1174 a
1150 1116 1245 1188 prima
1265 1117 1385 1189 expedi·

265 1215 344 1272 tione
358 1216 429 1273 belli
442 1215 563 1287 gerendi
578 1215 728 1273 consilium
742 1213 864 1272 suadeat
879 1218 910 1270 et
924 1218 1040 1285 augeat,
1061 1217 1130 1271 tunc
1144 1215 1292 1272 accusanti
1307 1230 1383 1285 eum,

155 1297 158 1305 ’
266 1328 383 1383 querna
401 1313 506 1370 militia
527 1312 686 1370 exercitum
700 1306 848 1373 dehortari
867 1311 994 1379 simulat,
1016 1309 1153 1368 facillime
1166 1308 1238 1368 tides
1251 1310 1385 1370 hahetur.

265 1408 374 1480 Utique
385 1410 432 1467 hie
446 1410 533 1468 etiam
543 1408 618 1466 falsa
629 1425 691 1495 esse
703 1407 864 1488 criminatio
876 1406 990 1464 videtur
999 1411 1098 1464 actam
1109 1410 1204 1465 astute
1215 1406 1384 1478 composita,

269 1507 316 1563 eui
326 1505 510 1577 Naupliadae
523 1505 688 1563 innocentia
700 1505 783 1563 brevi
793 1503 968 1562 succumbat.
990 1502 1077 1561 Uuius
1088 1503 1205 1561 scalenis
1214 1503 1261 1561 hic
1271 1518 1385 1574 quoque

265 1602 434 1660 Diomedem
440 1618 502 1660 esse
508 1601 840 1674 participemverisimile
845 1604 923 1672 puto,
936 1605 1094 1670 quotamen
1105 1597 1385 1672 aceeptoeulanli·

265 1699 309 1755 xis
322 1699 372 1755 vix
387 1697 534 1756 minuitur.
555 1697 687 1768 Namque
698 1702 901 1769 praeterquam
913 1696 987 1768 quod
998 1696 1047 1754 ille
1062 1697 1170 1754 socium
1183 1695 1386 1753 fraudulenter
1492 1771 1497 1777 Ι

266 1795 302 1852 ad
313 1810 379 1852 suas
392 1798 490 1865 partes
500 1794 639 1865 perducit,
652 1795 704 1851 alii
714 1794 745 1850 in
754 1795 983 1865 regumconcilio
996 1793 1131 1863 existunt,
1144 1792 1192 1864 qui
1201 1794 1387 1851 vehementer

265 1892 472 1964 incusationem
493 1893 656 1964 improbent
676 1908 710 1948 ac
729 1897 841 1963 sumpto
857 1892 946 1949 etiam
960 1891 1099 1963 supplicio
1114 1890 1200 1948 bilem
1220 1889 1384 1947 ostendant.

265 1989 340 2046 Nam
361 1987 535 2047 Welcherus
564 1990 699 2047 restituto
723 1989 792 2046 huic
816 1988 932 2046 fabulae
957 1988 1120 2059 fragmento
1141 1987 1195 2044 inc.
1219 1986 1286 2044 770.
1307 1986 1384 2047 Nea.

266 2102 324 2142 una
344 2084 464 2145 Nestori
489 2089 519 2142 et
542 2085 626 2142 Aiaci
656 2101 723 2143 suas
753 2085 801 2143 hic
831 2100 967 2157 personas
997 2082 1155 2159 reddidit2).
1198 2084 1385 2142 Telamonius

266 2182 342 2239 enim
362 2182 440 2254 apud
457 2179 689 2257 Philostratum³)
710 2198 822 2254 quoque
843 2187 873 2240 et
886 2179 1046 2256 Tzetzemf)
1067 2185 1219 2253 tantopere
1236 2180 1386 2238 Palamedi

265 2277 354 2340 favet.
376 2285 409 2336 ut
429 2280 476 2337 vel
489 2279 579 2336 inuito
596 2280 815 2351 Agamemnone,
838 2281 887 2351 qui
901 2281 953 2338 sub
967 2280 1068 2337 mortis
1083 2293 1175 2351 poena
1189 2278 1271 2335 illum
1285 2277 1386 2336 efferri

266 2377 368 2445 vetuit,
390 2376 501 2434 debitos
521 2381 619 2434 tamen
639 2378 762 2435 honores
783 2375 917 2434 defuncto
933 2375 1120 2434 commilitoni
1140 2375 1257 2432 tribuat.
1288 2374 1385 2448 Quam

267 2473 291 2529 si
312 2490 447 2531 scaenam
467 2473 570 2532 Aiacis
591 2475 767 2547 Sophocleae
798 2474 848 2533 fini
879 2474 1054 2533 simillimam
1085 2474 1122 2531 ad
1152 2474 1236 2532 hanc.
1255 2469 1385 2530 fabulam

267 2570 475 2642 transferimus,
497 2569 562 2629 fieri
583 2576 706 2643 poterat,
728 2576 762 2629 ut
774 2571 882 2631 Nestor
899 2572 981 2630 illum
1002 2570 1088 2629 amici
1101 2569 1244 2643 supplicio
1265 2584 1385 2627 exacer-

266 2666 366 2724 batum
387 2669 543 2739 summique
564 2669 644 2741 regis
665 2669 759 2727 edicto
781 2669 982 2727 adversantem
1001 2668 1110 2726 talibus
1130 2665 1284 2740 fragmenti
1304 2665 1386 2722 illius

266 2764 363 2823 verbis
383 2765 542 2837 mitigaret.
577 2765 682 2837 Itaque
704 2781 768 2823 cum
786 2765 856 2824 socii
877 2765 999 2837 quidam,
1021 2765 1127 2823 ceteris
1147 2764 1241 2822 minus
1261 2762 1385 2834 decepti,

266 2859 453 2919 Palamedem
483 2863 636 2921 defendere
666 2863 828 2932 videantur,
860 2863 932 2920 nihil
952 2866 1047 2921 exstat
1066 2861 1208 2934 profecto,
1242 2874 1296 2932 quo
1326 2860 1387 2917 ista

267 2955 443 3016 Laertiadae
463 2959 572 3017 invidia
593 2964 623 3018 et
644 2958 754 3017 facinus
776 2966 924 3017 cruentum
949 2962 1115 3026 excusetur;
1143 2957 1194 3016 sed
1214 2971 1387 3027 quamquam

268 3053 345 3110 nullo
366 3054 438 3112 vitio
459 3055 600 3113 illustrem
620 3056 719 3115 Ulixis
739 3057 846 3115 famam
866 3056 979 3129 turpius
1003 3054 1148 3126 inquinari
1173 3053 1387 3113 concedendum

269 3154 321 3217 est,
350 3150 417 3208 inde
443 3155 540 3214 amen
560 3153 607 3210 vel
628 3153 753 3210 maxime
778 3152 881 3222 elucet,
907 3156 1043 3223 quantum
1064 3168 1156 3223 prava
1181 3151 1271 3208 etiam
1290 3148 1386 3209 Ulixis

268 3248 388 3306 consilia
416 3248 448 3305 in
468 3250 636 3308 Danaorum
661 3250 765 3308 castris
790 3249 906 3307 valeant
936 3264 1077 3321 quamque
1108 3249 1183 3306 mira
1211 3247 1335 3305 maxime
1355 3246 1387 3303 in

268 3344 420 3419 Sophoclis
442 3345 550 3404 fabulis
573 3347 603 3404 vi
623 3351 653 3404 et
674 3347 846 3404 auctoritate
868 3347 926 3404 dux
944 3346 1008 3418 ipse
1029 3345 1189 3403 Ithacensis
1210 3343 1343 3402 excellat.

349 3444 433 3502 Duae
454 3444 576 3516 denique
596 3443 762 3517 tragoediae
788 3443 827 3501 ad
852 3451 1009 3501 extremam
1032 3442 1111 3500 illius
1131 3442 1222 3500 vitam
1242 3443 1385 3513 spectant,

270 3557 342 3613 quae
374 3543 400 3600 si
430 3558 486 3599 non
517 3541 603 3613 plane
628 3541 728 3600 eadem
753 3540 865 3612 ingenii
890 3539 1084 3612 descriptione
1115 3542 1202 3610 atque
1221 3535 1387 3595 Palamedis

270 3637 370 3696 fabula
391 3636 601 3710 significantur,
623 3637 696 3696 illud
716 3642 796 3696 certe
811 3653 830 3694 a
843 3637 967 3709 pristina
980 3635 1028 3694 hic
1041 3635 1223 3708 praestantia
1243 3633 1389 3691 diversum

270 3736 437 3808 reperimus.
474 3735 569 3807 Atque
590 3735 620 3792 in
640 3734 796 3807 Euryalo
817 3733 930 3804 quidem
950 3748 1054 3814 novom
1074 3736 1274 3804 argumentum
1294 3744 1388 3799 neque

270 3830 330 3889 ullo
355 3836 499 3902 veterum,
531 3847 608 3902 quae
636 3831 867 3903 peragravimus,
904 3833 1068 3902 poematum
1096 3829 1160 3887 loco
1189 3825 1388 3886 confirmatum

345 4068 567 4139 ¹)Aen.1184;
586 4067 620 4124 ef.
639 4067 720 4136 Trag.
740 4067 787 4127 Gr.
806 4067 820 4123 I
838 4083 866 4137 p.
888 4067 946 4125 131.
988 4065 1011 4134 ¹)
1028 4064 1066 4120 ib.
1084 4080 1112 4134 p.
1135 4064 1193 4118 134.
1236 4061 1258 4129 ¹)
1277 4057 1388 4114 Heroic.

270 4156 340 4213 Χῖ.
376 4157 600 4226 4)11111111.390.
