3038 5108
644 448 862 532 —ltss-

197 690 305 754 quanto
322 684 429 742 rectior
443 684 537 741 altera
549 681 655 740 Proclo
670 643 792 738 strictim
814 677 976 751 applicandi
998 692 1059 734 sese
1080 676 1155 732 ratio
1176 674 1222 744 sit,
1246 672 1317 731 sub·

195 783 328 852 sequenti
348 782 413 838 loco
434 779 506 838 satis
526 779 696 836 illustratur.

274 878 386 938 Narrat
421 877 496 935 enim
529 875 662 947 deinceps
692 874 831 947 epitomes
862 873 987 944 scriptor
1017 869 1182 927 mandatum
1212 866 1315 927 Ulixi

95 1024 98 1030 ,
197 991 271 1046 0000,
304 980 337 1031 ut
357 972 449 1046 Scyro
469 972 734 1044 Neoptolemum
759 969 966 1028 deduceret.
1008 969 1043 1024 In
1068 967 1122 1024 hoc
1148 965 1235 1023 etiam
1263 963 1316 1020 ille

196 1071 369 1144 perficiendo
392 1072 508 1142 negotio
530 1087 548 1127 a
568 1069 676 1142 Quinto
698 1069 855 1141 Smyrnaeo
878 1082 942 1123 cum
956 1065 1072 1137 Tydida
1092 1058 1316 1134 coniungitur¹),

196 1185 279 1239 quem
302 1169 400 1240 exigui
420 1168 529 1238 ingenii
550 1167 719 1239 scriptorem
740 1165 873 1235 quoniam
893 1179 952 1220 non
972 1167 1032 1218 tam
1046 1162 1076 1217 in
1090 1176 1139 1218 suo
1155 1158 1316 1216 consistere

196 1282 282 1337 quam
302 1279 488 1336 quaecunque
509 1263 659 1322 verbosius
679 1262 799 1333 evolvit,
826 1261 891 1318 aliis
913 1259 1017 1317 debere
1039 1260 1164 1322 constat,
1190 1254 1317 1312 forsitan

196 1365 269 1420 hanc
303 1378 414 1433 quoque
446 1378 506 1418 rem
531 1360 674 1432 quispiam
700 1358 737 1416 ad
758 1358 884 1415 Parvam
906 1356 1028 1414 iliadem
1052 1354 1207 1413 rettulerit.
1248 1349 1317 1422 Qua

196 1464 291 1516 tamen
323 1474 411 1516 causa
442 1457 591 1515 inductum
611 1456 747 1514 Proclum
772 1457 818 1513 vel
848 1455 895 1512 hic
927 1455 970 1511 bis
1003 1455 1125 1511 alterum
1155 1449 1316 1524 principem

196 1556 355 1629 neglexisse
376 1571 490 1626 censes,
512 1555 562 1624 qui
583 1553 697 1624 quidem
718 1554 796 1610 inira
817 1554 847 1610 in
868 1557 955 1625 raptu
976 1550 1100 1608 Palladii
1119 1547 1263 1607 narrando
1287 1551 1318 1604 et

195 1651 312 1710 Ulixem
333 1657 362 1710 et
382 1651 548 1709 Diomedem
569 1651 715 1722 expressis
741 1651 839 1708 verbis
864 1646 1084 1706 commemorat?
1125 1645 1188 1705 Nec
1208 1645 1316 1717 proba-

196 1749 253 1807 bile
274 1750 387 1807 videtur
417 1748 447 1806 id
478 1749 553 1822 quod
574 1748 746 1806 Welcberus
772 1747 869 1821 alias²)
896 1747 1018 1819 profert,
1049 1749 1081 1802 ut
1108 1756 1316 1814 saepenumero

196 1863 283 1903 unum
303 1846 460 1904 alterumve
481 1846 510 1901 iu
529 1845 638 1903 talibus
658 1844 743 1902 rebus
764 1844 940 1915 exponendis
960 1843 1075 1900 silentio
1089 1838 1242 1912 praeteriri
1265 1838 1317 1895 de·

196 1948 353 2010 monstret3
386 1942 506 2013 denique
527 1943 604 2014 quod
632 1943 851 2014 descriptionem
880 1938 1037 2014 imaginis³)
1069 1936 1233 2010 miratum),
1267 1935 1318 1992 ubi

200 2041 281 2098 solus
295 2040 422 2113 Tydides
436 2039 617 2098 Philoctetae
632 2057 702 2097 arcu
715 2041 860 2113 potiturus
875 2037 1047 2110 depingitur,
1069 2036 1141 2093 nihil
1155 2031 1319 2090 mirandum

197 2141 343 2208 putemus,
377 2136 426 2194 sed
451 2137 545 2207 magis
571 2136 702 2208 proiecto
723 2137 771 2195 vel
801 2137 874 2193 haec
899 2140 1015 2192 nostrae
1048 2132 1206 2190 sententiae
1226 2129 1316 2187 favet.

197 2234 301 2304 Itaque
333 2249 397 2290 cum
422 2232 482 2289 11110
507 2236 569 2289 tu'm
598 2234 653 2290 hoc
678 2234 740 2290 loco
765 2233 851 2290 fidem
883 2233 1024 2304 epitomae
1057 2230 1251 2298 tribuerimus,
1286 2227 1318 2284 in

198 2336 320 2400 utraque
342 2329 525 2400 expeditione
545 2329 725 2400 principibus
747 2329 865 2401 siugulis
887 2328 1049 2400 contentu).

277 2427 360 2484 Nova
380 2426 427 2483 hic
452 2426 482 2482 in
503 2443 637 2484 scaenam
657 2425 841 2498 Neoptolemi
866 2443 989 2497 persona
1020 2426 1178 2492 inducitur,
1211 2425 1319 2497 quippe

199 2524 250 2594 qui
271 2523 348 2594 apud
371 2523 527 2580 Homerum
549 2556 584 2565 -
607 2524 638 2580 id
663 2523 740 2594 quod
766 2540 863 2582 rerum
884 2540 952 2581 saue
974 2523 1068 2581 ordini
1089 2539 1142 2594 par
1162 2528 1207 2580 est
1228 2555 1264 2564 —
1286 2522 1318 2578 in

198 2620 323 2677 transitu
345 2625 457 2677 tantum
478 2637 512 2678 ac
533 2621 660 2679 breviter
678 2620 886 2694 memoratum).
929 2619 999 2677 Jam
1018 2636 1088 2678 vero
1102 2619 1252 2677 Pelidae
1272 2619 1319 2677 iu-

198 2717 263 2774 veni
290 2717 407 2774 Troiam
437 2716 560 2774 deducto
587 2716 727 2775 Ulixem
759 2734 854 2775 arma
884 2719 1000 2790 patris
1034 2718 1172 2775 dedisse
1198 2718 1320 2775 Proclus

197 2819 336 2884 testatur,
363 2831 398 2871 ea
418 2831 533 2887 nempe,
563 2814 598 2872 de
625 2815 726 2885 quibus
752 2816 814 2887 ipse
836 2816 977 2886 quondam
998 2833 1062 2873 cum
1083 2814 1250 2874 Telamonio
1272 2813 1318 2870 fu-

198 2917 282 2968 nesta
301 2911 354 2968 lite
376 2916 548 2969 certaverat.
571 2911 632 2982 Quo
653 2914 782 2984 praemio
805 2914 891 2970 alteri
913 2929 1046 2973 concesso
1062 2929 1171 2972 omnem
1186 2928 1244 2970 una
1257 2929 1319 2970 ma-

199 3009 293 3065 culam
312 3008 367 3064 luit
387 3013 416 3065 et
437 3008 696 3079 exprobrationem,
730 3026 801 3080 quae
832 3012 863 3068 iu
895 3011 990 3082 ipsum
1014 3010 1137 3069 fortasse
1163 3012 1198 3068 ob
1221 3010 1319 3068 Aiacis

199 3111 320 3163 mortem
341 3121 377 3162 ex
398 3105 558 3163 immodicis
580 3106 804 3164 conviciatorum
825 3107 933 3179 linguis
954 3111 1098 3166 manabat.

279 3202 335 3260 Sed
356 3203 484 3272 quamvis
507 3203 562 3260 duo
583 3203 626 3259 illi
647 3204 716 3261 socii
737 3205 886 3262 novissimi
913 3204 1029 3262 adducti
1056 3206 1177 3263 multum
1198 3205 1320 3278 Argivis

198 3300 317 3371 prosint,
341 3300 382 3356 eis
402 3305 499 3357 tamen
520 3316 585 3356 mox
606 3300 643 3357 ad
662 3301 805 3359 validiora
827 3302 915 3359 etiam
933 3303 1079 3374 praesidia
1093 3303 1319 3375 confugiendum

199 3401 252 3454 est.
293 3396 429 3466 Equom
451 3396 515 3454 dico
536 3397 702 3470 ligneum,
724 3415 779 3469 quo
801 3399 829 3455 in
846 3399 996 3456 excitando
1010 3401 1087 3471 apud
1101 3401 1241 3459 Leschem
1261 3417 1319 3457 non

198 3499 258 3551 tam
274 3494 390 3552 Ulixem
405 3495 545 3552 interesse
559 3510 645 3564 quam
659 3495 770 3566 Epeum
785 3495 954 3567 reperimus.
996 3496 1082 3569 Quod
1100 3499 1162 3556 iure
1178 3498 1320 3570 quispiam

198 3590 327 3661 miretur,
359 3592 535 3662 praesertim
568 3608 631 3649 cum
652 3593 789 3666 Minerva,
824 3611 909 3666 quam
934 3594 1043 3654 Nostro
1076 3600 1106 3652 et
1136 3596 1212 3668 apud
1243 3596 1320 3652 hunc

199 3692 346 3745 auctorem
377 3693 407 3745 et
440 3689 470 3745 in
495 3688 612 3747 Arctini
636 3690 808 3762 Aethiopide
840 3690 963 3748 maxime
997 3692 1153 3764 propitiam
1187 3692 1319 3763 vidimus,

275 3927 296 3992 1)
315 3925 353 3979 Vl
373 3928 407 3980 64
428 3942 488 3997 sqq.
509 3926 561 3981 Vll
583 3929 632 3982 169
651 3943 711 3997 sqq.
749 3927 771 3995 Ξ)
791 3926 809 3982 1.
828 3943 851 3983 c.
871 3943 897 3998 p.
920 3931 977 3984 121.
997 3930 1054 3986 not.
1073 3931 1116 3984 48.
1136 3929 1198 3987 coll.
1217 3946 1244 3998 p.
1260 3931 1319 3985 107.

200 4017 259 4069 not.
280 4016 322 4068 30.
370 4013 393 4084 ³)
413 4012 495 4069 Paua.
514 4013 528 4068 Ι
547 4017 590 4084 22,
610 4017 634 4070 6.
682 4014 830 4085 ⁴)l.c.p.
851 4017 1030 4071 asarota
1077 4017 1098 4086 5)
1118 4017 1199 4072 Solus
1219 4016 1320 4072 Ulixes

203 4100 421 4171 Neoptolemum
441 4102 557 4156 arcessit
576 4103 659 4156 etiam
678 4118 721 4172 ap.
742 4102 833 4162 Tzetz.
851 4103 946 4162 Posth.
966 4106 1017 4160 532
1037 4121 1078 4174 sq.
1127 4105 1148 4174 fl)
1168 4103 1321 4160 111316.

199 4190 216 4241 λ
237 4191 289 4246 508
309 4207 369 4262 sqq.
