3038 5108
654 473 851 535 -p..

195 681 259 753 ipsa
279 697 400 752 poeseos
421 681 544 738 historia
567 682 776 754 praescriptum
800 680 964 740 videbatur.
1007 678 1097 738 (iuius
1112 682 1186 739 artis
1206 698 1316 754 genera

195 781 228 833 ut
260 778 337 849 apud
362 777 493 836 Graecos
519 777 598 835 aliud
618 787 684 849 post
704 776 784 834 aliud
804 775 994 834 effloruerunt
1015 783 1046 834 et
1066 778 1144 834 inter
1165 795 1227 836 sese
1248 783 1320 836 tan·

196 889 284 944 quam
315 878 503 945 exceperunt,
536 874 578 931 sic
610 874 687 931 intra
718 872 857 931 terminos
881 873 966 931 modo
995 873 1168 944 dehneatos,
1201 877 1317 946 qualem

194 968 336 1028 finxerint
355 969 472 1028 Ulixem
493 974 618 1042 poetae

308 1067 332 1124 Ι.
356 1066 461 1138 epici,

295 1163 334 1220 11.
355 1162 480 1236 lyrici,

275 1259 332 1319 III.
354 1260 502 1332 tragici,

196 1356 359 1414 accuratius
380 1372 521 1429 exponere
542 1356 718 1414 conabimur.
760 1353 896 1413 Ueterum
921 1359 1013 1412 totam
1040 1356 1190 1413 materiem
1212 1357 1315 1428 exequi

195 1468 366 1524 quamquam
394 1469 447 1524 per
474 1453 589 1510 solitam
614 1452 723 1509 calcem
743 1468 801 1509 non
821 1455 898 1522 erat,
937 1452 985 1509 vel
1010 1451 1101 1510 hence
1127 1458 1225 1511 temen
1245 1471 1314 1528 gra-

196 1549 343 1607 vissimam
363 1565 510 1622 speramus
536 1549 697 1622 argumenti
724 1555 840 1622 partem
860 1549 967 1607 litteris
993 1549 1177 1622 philologieis
1197 1552 1314 1624 paulum

195 1645 259 1704 fore
280 1646 311 1703 iu
332 1645 437 1703 fructu.

669 2015 794 2118 Caput
820 2015 848 2097 Ι.

195 2195 323 2270 Ulixes
351 2195 454 2286 apud
482 2195 714 2286 antiquiores
748 2195 978 2270 Graecorum
1010 2200 1141 2288 poetas
1174 2195 1312 2286 epicos

276 2385 413 2443 Breviter
434 2389 464 2442 11
481 2383 658 2443 facinoribus
678 2384 803 2456 fatisque
817 2384 928 2443 omissis
945 2385 1070 2457 primum
1085 2385 1120 2443 de
1133 2385 1316 2444 Homerici

197 2481 293 2540 Ulixis
304 2481 420 2553 ingenio
432 2480 573 2539 disserere
579 2481 684 2554 placet.
696 2481 751 2552 Qui
762 2480 876 2552 quidem
887 2482 959 2539 satis
971 2486 1015 2538 est
1024 2481 1277 2554 mirandnm‚quod
1287 2483 1316 2539 in

201 2579 311 2637 duobus
330 2578 388 2636 illis
402 2578 552 2651 poematis,
575 2593 649 2648 quae
665 2578 791 2637 simona
806 2577 904 2636 multis
919 2579 1198 2637 consarcinatoribus
1211 2579 1316 2638 leviter

200 2680 330 2747 consuta,
353 2679 432 2733 certe
454 2691 490 2732 ox
512 2674 635 2734 diversis
649 2674 827 2733 diversorum
841 2679 993 2732 auctorum
1006 2675 1170 2747 rhapsodiis
1183 2675 1214 2734 in
1227 2693 1315 2733 unum
1344 2661 1346 2665 ’

202 2772 325 2830 redacta
345 2772 459 2838 scimus,
480 2772 542 2844 ipse
562 2775 660 2829 tamen
680 2770 742 2829 fere
764 2772 883 2830 eandem
899 2789 934 2830 ao
953 2772 1129 2830 simiUimam
1146 2773 1314 2846 plerumque

198 2871 334 2926 naturam
358 2868 505 2926 exhibeat.
538 2865 643 2925 Gertas
667 2884 736 2925 sane
761 2869 1314 2940 carminumpartes,velutD010neam‚

203 2965 296 3022 aetati
316 2965 402 3037 paulo
423 2963 578 3036 posteriori
599 2963 704 3022 debere
725 2964 867 3037 originem
888 2967 1054 3024 examinata
1074 2967 1161 3024 etiam
1180 2967 1315 3026 Laertia-

204 3061 261 3118 dee
284 3059 379 3133 figura
400 3060 649 3133 persentiscimus;
671 3066 703 3119 at
722 3060 755 3119 in
774 3062 938 3120 universum
954 3061 1049 3121 Ulixis
1067 3064 1143 3136 apud
1155 3064 1316 3122 Homerum

201 3156 356 3230 descriptio
379 3173 474 3216 secum
493 3157 558 3231 ipsa
577 3174 668 3232 paene
689 3159 762 3217 nihil
783 3159 938 3218 discordat.
980 3159 1039 3219 Sed
1062 3177 1144 3231 „oum
1163 3161 1264 3223 Ulixes
1284 3163 1315 3220 in

201 3251 331 3326 Odyssea
350 3258 479 3312 remotus
499 3270 517 3311 a
537 3255 607 3312 belli
627 3256 753 3313 tumultu
772 3272 807 3314 ac
827 3256 952 3330 strepitu
972 3263 1022 3316 aut
1042 3258 1172 3332 Neptuni
1198 3260 1244 3317 111
1263 3276 1317 3331 per

200 3349 292 3407 multa
316 3349 409 3408 maria
433 3350 559 3408 iactatus
585 3351 780 3410 disemissima
802 3353 933 3425 pericula
953 3353 1054 3412 subeat
1076 3399 1083 3414 .
1106 3401 1113 3415 .
1138 3400 1145 3414 .
1167 3361 1217 3413 ant
1238 3356 1316 3414 mitis

201 3463 266 3518 rex,
299 3447 349 3518 qui
378 3447 515 3519 populum
546 3448 602 3505 sibi
627 3448 771 3506 subditum
797 3449 922 3507 maxima
948 3455 1031 3523 rogat
1056 3452 1221 3525 clementia,
1248 3459 1315 3511 ante

204 3542 302 3600 oculos
322 3546 436 3600 nostros
456 3546 588 3614 ponatur,
611 3547 662 3600 aut
681 3548 781 3616 pater,
808 3545 858 3617 qui
878 3545 970 3603 tilium
994 3548 1108 3605 unicum
1127 3566 1197 3608 vero
1218 3566 1315 3608 amore

203 3639 421 3712 complectatur,
442 3642 494 3696 1111
513 3639 648 3712 maritus,
671 3640 717 3699 oui
737 3657 811 3700 uxor
831 3642 970 3716 singulari
988 3643 1128 3704 fidelitate
1147 3646 1246 3704 dedita
1266 3645 1314 3715 sit,

201 3735 233 3794 in
254 3735 349 3794 Iliade
381 3740 479 3794 autem
510 3736 666 3795 acerrimus
698 3742 727 3796 et
752 3743 886 3798 strenuus
910 3740 1035 3799 beUator
1055 3741 1105 3812 sit,
1131 3743 1261 3802 assiduus
1285 3743 1315 3801 in

202 3831 321 3905 proeliis
345 3836 375 3889 et
403 3831 633 3905 expeditionibus
657 3833 782 3903 bellicis,
808 3836 933 3908 prudens
958 3837 990 3894 in
1010 3837 1151 3910 conciliis,
1173 3839 1238 3897 fieri
1257 3857 1316 3899 non

201 3933 309 4002 potest,
342 3927 412 3999 quin
436 3928 590 3986 nonnullae
616 3929 695 3986 iliius
719 3930 775 4007 viri
802 3932 927 3992 11111111
946 3933 978 3991 in
998 3950 1054 3992 uno
1076 3936 1202 3994 carmine
1223 3954 1315 4011 appa·

199 4030 295 4099 11111,
318 4041 392 4098 quae
412 4041 529 4098 prorsus
550 4026 750 4086 desiderantur
769 4029 800 4087 in
820 4030 931 4089 altero“
941 4031 974 4107 ¹).

275 4173 296 4241 ¹)
316 4171 443 4232 Boubon
463 4172 481 4228 l.
501 4173 520 4229 l.
538 4172 596 4230 ind.
609 4189 633 4230 a
654 4175 730 4230 1869.
749 4191 777 4246 p.
795 4178 821 4233 l.
