3038 5108
641 458 862 520 ..52-

194 669 255 728 filio
286 668 466 729 incommode
496 668 657 741 suppletam
690 665 869 741 depressit¹).
911 667 987 726 Sane
1010 684 1063 725 nos
1089 683 1201 740 quoque
1221 668 1317 726 huius

194 768 288 841 partis
319 766 442 825 formam
476 769 506 823 et
535 764 663 823 habitum
690 763 811 822 alterius
838 763 984 846 splendori
1009 764 1226 835 posthabemus,
1259 780 1312 822 ar-

195 867 362 935 gumentum
399 862 609 921 sententiamve
634 877 699 918 non
730 861 809 920 item.
856 860 932 918 Nam
966 861 1041 932 quod
1068 861 1115 920 uir
1145 860 1314 921 eruditissi-

194 975 270 1030 mus,
298 959 458 1017 Minervam
483 975 540 1016 non
560 957 678 1016 Ulixem
698 957 892 1016 excusationis
918 962 1126 1029 egerentibus,
1156 958 1315 1031 inpriore

195 1055 365 1128 tragoediae
392 1055 520 1135 clausula
539 1060 669 1128 tempore
694 1052 832 1114 videlicet
852 1055 1003 1126 absumpta
1026 1053 1108 1111 illam
1129 1055 1164 1113 de
1184 1056 1317 1114 nubibus

196 1152 338 1226 prodiisse
359 1152 436 1223 dicit,
458 1150 535 1208 istud
556 1150 699 1222 duplicem
718 1151 749 1208 in
769 1150 885 1208 modum
905 1166 969 1208 cum
990 1156 1072 1208 recta
1092 1151 1205 1211 ratione
1231 1153 1316 1210 acri·

197 1253 243 1305 ter
267 1252 388 1320 pugnat.
438 1247 594 1306 Enimvero
618 1245 774 1318 Euripides
803 1262 861 1303 non
885 1246 1004 1304 dubium
1029 1253 1087 1314 est,
1120 1249 1188 1320 quin
1212 1250 1309 1322 ipsam

197 1344 278 1402 deam
304 1345 380 1402 sicut
408 1343 439 1400 in
459 1342 615 1416 Iphigenia
634 1341 760 1400 Taurica
785 1341 969 1415 supplicibus
997 1345 1069 1402 Ione
1094 1347 1314 1416 spectatoribus

197 1457 233 1499 ex
262 1440 396 1498 machina
427 1438 576 1497 oblaturus
605 1438 705 1498 merit.
744 1439 785 1495 At
805 1437 974 1512 Sophocles,
1008 1441 1180 1500 sublimioris
1200 1444 1250 1501 illo
1278 1449 1314 1500 et

197 1537 384 1615 elegantioris
411 1536 484 1593 artis
509 1540 623 1604 auctor,
654 1535 763 1593 homini
786 1537 884 1608 potius
908 1538 983 1595 hanc
1007 1554 1160 1610 personam
1185 1539 1313 1598 tradidit

198 1653 262 1694 cum
293 1635 329 1693 ob
353 1634 522 1704 maledicta,
555 1633 657 1704 quibua
687 1639 775 1692 autea
803 1639 941 1706 tanquam
962 1635 1103 1706 obruitur,
1136 1636 1311 1709 purgatione

198 1732 364 1805 dignissimo
384 1734 446 1787 tum
460 1730 619 1802 aptissimo,
640 1731 689 1801 qui
703 1730 829 1788 divinam
840 1715 950 1790 'vocem
964 1748 998 1789 ac
1011 1732 1188 1791 voluntatem
1203 1733 1314 1793 ceteris

197 1830 229 1888 in
248 1844 352 1888 scaena
370 1827 542 1885 mortalibus
561 1828 767 1899 promulgaret.
808 1827 956 1898 Nusquam
981 1829 1056 1888 enim
1077 1827 1173 1888 Ulixis
1200 1839 1313 1889 sortem

198 1930 250 1984 aut
268 1923 414 1983 fortunam
436 1940 577 1996 generosa
589 1923 612 1982 J
613 1926 674 1983 ovis
687 1923 749 1981 filia
763 1924 836 1982 adeo
849 1926 927 1983 tueri
941 1929 992 1982 aut
1005 1926 1181 1998 amplificare
1195 1928 1317 1986 videtur

197 2037 283 2093 quam
303 2022 334 2079 in
354 2022 408 2079 bac
427 2019 539 2090 fabula,
566 2021 617 2078 ubi
636 2021 790 2093 peculiaris
809 2020 860 2078 illa
881 2022 963 2092 quasi
982 2021 1158 2080 Laertiadae
1183 2028 1312 2096 patrona

197 2118 357 2191 procedens
369 2118 469 2175 Aiacis
489 2117 611 2174 furentis
631 2117 677 2175 ira
696 2133 760 2175 eum
774 2122 804 2175 et
816 2118 946 2192 vindicta
959 2119 1185 2178 circumventum
1197 2136 1314 2178 necnon

197 2215 308 2287 impetu
328 2219 480 2285 tentatum,
502 2214 557 2271 hoc
577 2214 615 2272 ad
635 2214 778 2272 insaniam
798 2215 925 2285 redacto,
946 2215 983 2273 ab
1002 2216 1113 2274 insidiis
1129 2216 1260 2275 defendit
1273 2234 1314 2275 ac

198 2312 301 2370 miram
322 2311 463 2384 quandam
487 2311 600 2369 laudem
625 2312 657 2369 in
677 2313 757 2370 illum
788 2315 922 2386 congerit.
965 2313 1065 2384 Neque
1085 2315 1201 2386 ignorat
1222 2314 1315 2373 Tela·

199 2409 311 2467 monins
331 2407 392 2481 ipse
414 2409 484 2468 deae
504 2409 619 2469 numine
640 2410 671 2466 in
690 2415 803 2467 tantam
824 2412 1018 2469 calamitatem
1038 2427 1101 2469 sese
1120 2411 1315 2485 praecipitari

200 2511 230 2566 et
249 2507 403 2564 Tecmessa
423 2522 519 2564 rerum
540 2507 700 2565 conditione
720 2508 881 2566 rectissime
897 2512 1049 2581 perspecta
1069 2508 1112 2567 sic
1131 2509 1318 2567 lamentatur

199 2620 227 2662 v.
244 2602 308 2662 aba
328 2618 385 2674 sq:

472 2698 575 2758 τοιόνδε
596 2699 688 2776 μέντοι
708 2698 795 2776 Ζηνὸς
814 2702 832 2777 ἡ
854 2701 926 2777 δεινὴ
947 2702 1012 2765 θεὸς

473 2795 583 2859 Πάλλας
602 2795 710 2873 φυτεύει
728 2795 795 2874 πῆμ’
813 2795 1005 2861 Ὀδυσσέως
1024 2797 1135 2876 χάριν.

201 2892 256 2964 Qui
276 2899 452 2967 quantopere
474 2894 528 2951 dea
548 2894 681 2962 confidat,
703 2911 739 2953 ex
757 2895 853 2967 verbis
874 2895 936 2953 eius
956 2902 1081 2968 apparet
1100 2912 1126 2953 v.
1151 2897 1188 2954 14
1208 2913 1251 2968 sq.
1264 2917 1275 2953 :⁴

472 2987 496 3046 ὦ
516 2988 613 3066 φθέγμ’
623 2988 761 3062 -Ἀθάνας,
782 2989 911 3068 φιλτάτης
931 2990 993 3067 ἐμοὶ
1012 2992 1085 3050 θεῶν
1117 3000 1149 3052 et
1168 3009 1194 3064 q.
1217 3010 1256 3063 s.;

202 3088 270 3159 quin
299 3085 388 3145 etiam
417 3088 492 3159 ipsa,
520 3088 587 3158 quia
616 3089 775 3172 periculum
794 3089 897 3162 fuerit,
929 3105 965 3148 ne
984 3091 1015 3148 in
1034 3089 1162 3161 Danaos,
1184 3091 1318 3148 maxime

201 3182 317 3242 Ulixem
340 3183 504 3242 stomachus
523 3183 626 3243 Aiacis
646 3186 853 3256 effunderetur,
880 3202 942 3245 sese
962 3187 1062 3246 furore
1083 3204 1149 3246 eum
1171 3186 1318 3246 afflixisse

202 3296 238 3339 ac
250 3280 394 3339 furentem
413 3281 444 3338 in
464 3280 588 3353 pecudes
600 3283 721 3340 vertisse
739 3282 926 3358 profitetur).
957 3281 1005 3342 Ac
1019 3289 1170 3356 postquam
1183 3283 1318 3343 doAiace

202 3392 371 3450 pergravem
384 3393 505 3449 poenam
518 3378 647 3451 sumpsit,
670 3379 748 3437 solus
765 3379 899 3436 nimirum
912 3379 1015 3438 Ulixes
1029 3381 1133 3452 dignus
1147 3387 1178 3440 et
1191 3382 1316 3440 idoneus

202 3472 326 3545 videtur,
348 3475 397 3545 qui
417 3474 561 3547 placatam
581 3479 668 3546 atque
689 3476 834 3548 expletam
852 3476 930 3534 illius
950 3478 1023 3536 iram
1043 3494 1106 3537 esse
1126 3478 1318 3552 pronuntiet.-

202 3585 261 3627 una
284 3575 380 3628 autem
411 3570 459 3628 hic
479 3571 568 3629 animi
597 3573 689 3630 nostri
713 3588 770 3630 non
795 3573 877 3632 modo
908 3574 946 3631 ad
975 3575 1131 3647 pristinum
1151 3574 1321 3645 Minervae.

202 3666 314 3726 ultricis
328 3671 415 3725 antea
427 3667 648 3738 crudelissimae,
663 3686 790 3729 amorem
801 3670 986 3742 reducuntur,
1008 3672 1060 3730 scd
1073 3671 1157 3744 quasi
1167 3675 1315 3742 coguntur

204 3763 292 3822 etiam
316 3763 405 3836 ipsius
434 3765 610 3824 Laertiadae
634 3767 840 3828 liberalitatem
865 3774 895 3827 et
918 3771 1132 3842 ingenuitatem
1164 3769 1315 3829 admirari.

203 3861 278 3920 Nam
303 3861 366 3932 quis
386 3866 443 3930 est,
470 3863 539 3933 quin
558 3863 655 3922 verbis
675 3865 732 3923 viri
752 3865 911 3925 delectetur
931 3866 967 3925 de
988 3867 1154 3927 adversario
1175 3865 1321 3942 pulcher-

203 3957 276 4016 rime
296 3957 383 4018 dietis
403 3976 430 4017 v.
447 3961 524 4019 1336
545 3977 621 4032 sqq:

204 4100 416 4111 ———

277 4167 300 4234 ¹)
318 4166 389 4221 llist.
409 4167 475 4225 Litt.
494 4167 542 4224 Gr.
560 4168 603 4222 III
620 4185 647 4239 p.
667 4172 719 4226 378
738 4186 799 4242 sqq.
837 4172 858 4241 ¹)
878 4189 903 4228 v.
922 4173 954 4228 51
975 4189 1037 4244 sqq.
