3038 5108
678 449 898 512 ..46-

234 659 338 731 gressis
357 657 459 716 Ulixes
490 675 554 716 cum
584 658 684 729 altero,
717 659 798 716 velut
818 656 950 728 Nestore,
983 657 1014 714 in
1044 672 1177 715 scaenam
1207 659 1352 731 prodiret,

235 771 354 828 quorum
374 762 470 813 tamen
492 755 540 813 hic
560 755 695 812 nimirum
715 753 834 812 Pelidae
855 760 979 812 mentem
1004 769 1073 826 erga
1098 755 1241 827 supplices
1261 756 1355 815 mise-

234 852 379 910 ricordem
399 852 530 920 reddere,
552 850 724 909 Laertiades
737 854 847 921 contra,
869 867 906 909 ne
919 850 1037 923 perfidis
1050 851 1201 922 quicquam
1216 853 1356 912 Troianis

234 964 344 1007 morem
364 952 486 1020 gereret,
510 947 675 1004 dissuadere
695 945 839 1019 studuit).

314 1045 456 1105 Similiter
469 1043 572 1102 Ulixes
586 1059 702 1117 operam
723 1047 754 1100 et
774 1042 939 1100 facundiam
953 1043 1094 1100 communi
1115 1059 1218 1103 causae
1239 1062 1274 1104 ac
1295 1048 1357 1105 toti

236 1143 412 1214 expeditioni
442 1141 473 1198 in
504 1140 691 1213 Iphigenia
722 1140 806 1196 etin
835 1139 991 1212 Telepho
1012 1139 1162 1212 impendit.
1202 1141 1249 1200 De
1269 1143 1357 1201 Auli-

236 1239 316 1298 densi
336 1240 382 1297 hic
402 1238 556 1311 Iphigenia
577 1236 761 1310 cogitandum
781 1251 844 1294 esse
865 1252 901 1293 ex
920 1252 987 1304 uno,
1008 1236 1085 1306 quod
1104 1238 1251 1308 habemns,
1273 1238 1354 1314 hag-

235 1341 332 1394 mento
355 1336 419 1412 (89.
434 1335 526 1410 ch.)
548 1335 650 1404 elucet,
673 1351 728 1405 quo
750 1334 782 1390 in
803 1338 973 1405 argumento
994 1337 1059 1391 utut
1080 1335 1239 1406 composito
1259 1336 1357 1396 Laer-

235 1434 328 1492 tiades
349 1449 437 1506 aegre
459 1432 655 1499 desideratum
687 1436 718 1488 et
738 1430 860 1488 alterius
885 1429 1054 1501 tragoediae
1079 1446 1251 1502 quamquam
1271 1432 1355 1506 frag-

236 1530 314 1587 mina
345 1536 461 1588 exstant
492 1529 646 1600 levissima,
679 1533 776 1585 tamon
795 1527 869 1584 haec
895 1527 965 1584 satis
990 1527 1180 1599 probabiliter
1206 1537 1356 1589 momenta

236 1631 411 1686 statuuntur.
442 1627 514 1684 Cum
527 1628 675 1699 Mysorum
693 1641 746 1682 rex
768 1640 898 1696 „pauper
911 1627 941 1680 et
955 1622 1067 1698 exul“¹)
1089 1640 1200 1683 necnon
1219 1625 1358 1686 aPelida

238 1723 273 1780 de
293 1724 417 1782 volneris
438 1724 482 1780 sui
503 1722 623 1780 sanandi
642 1738 729 1796 prece
748 1722 881 1793 repulsus
895 1725 1012 1793 arrepto
1027 1720 1124 1779 Oresti
1145 1724 1264 1795 parvolo
1285 1741 1356 1783 cae-

238 1820 303 1877 dem
333 1820 482 1878 minitetur
506 1820 620 1890 iamque
644 1821 675 1876 in
696 1835 729 1877 eo
751 1819 799 1887 sit,
830 1822 864 1875 ιι
883 1818 955 1876 socii
980 1834 1015 1875 ac
1035 1819 1142 1877 milites
1163 1819 1303 1878 diutinam
1323 1823 1356 1880 in

237 1918 341 1975 castris
372 1917 624 1975 commorationem
654 1916 801 1986 indignati
825 1932 857 1972 re
878 1915 988 1972 iniecta
1008 1915 1039 1972 in
1059 1931 1140 1974 suam
1160 1917 1277 1987 quisque
1299 1935 1356 1991 pa-

237 2015 326 2072 triam
346 2019 540 2084 revertantur,
561 2014 663 2073 Ulixes
683 2014 714 2070 in
734 2028 866 2071 scaenam
886 2028 1056 2085 progressus
1077 2018 1107 2071 et
1120 2029 1221 2087 regum
1242 2015 1356 2074 dirimit

238 2112 410 2171 discordiam
433 2117 471 2181 et,
492 2111 569 2182 quod
583 2110 780 2182 gravissimum
799 2114 852 2178 est,
873 2109 989 2167 tandem
1010 2109 1046 2168 ab
1066 2109 1184 2169 Achille
1203 2112 1352 2185 impetrat,

239 2213 273 2266 ιιι
303 2210 341 2267 ad
370 2198 481 2267 oraculi
510 2210 699 2281 praeceptum
732 2207 835 2264 hastae
869 2222 938 2264 suae
970 2206 1105 2278 robigine
1138 2207 1244 2266 ulceris
1277 2209 1354 2280 pesti

239 2305 396 2363 medeatur.

319 2403 401 2460 Duas
431 2401 523 2472 igitur
544 2398 645 2458 Ulixes
668 2386 843 2472 Aeschylens
874 2398 1052 2456 conditiones
1082 2400 1219 2472 explevit,
1250 2403 1356 2472 quibus

239 2499 344 2557 bellum
386 2503 416 2556 et
455 2495 601 2570 expeditio
642 2494 679 2553 ad
720 2495 838 2553 deornm
878 2496 1055 2554 voluntatem
1089 2496 1214 2555 obnoxia
1254 2504 1355 2563 erant;

240 2596 357 2654 tertiam
387 2592 596 2661 difficultatem,
628 2609 684 2663 qna
709 2592 823 2663 quidem
846 2598 985 2650 nontam
1005 2593 1121 2652 navium
1147 2594 1242 2652 abitus
1268 2610 1356 2665 quam

241 2692 414 2764 expugnatio
446 2690 527 2749 urbis
550 2690 714 2762 impeditur,
745 2690 776 2745 in
799 2689 1006 2748 Philocteta
1031 2695 1156 2763 superat.
1207 2691 1356 2763 Imprimis

240 2795 337 2848 autem
372 2789 443 2847 mihi
477 2788 647 2846 monendum
678 2792 723 2845 est
752 2787 892 2844 Lemnum
921 2787 970 2845 hic
1000 2788 1135 2846 advenire
1170 2788 1261 2845 solum
1290 2787 1356 2846 Uli·

240 2903 314 2956 xem‚
346 2902 430 2957 quem
460 2884 625 2959 Aeschylus
655 2885 746 2942 Dione
777 2883 980 2956 Chrysostomo
1000 2889 1077 2942 teste
1107 2900 1160 2956 pro
1187 2888 1305 2941 austera
1325 2889 1356 2943 et

241 2983 355 3041 sublimi
379 2983 452 3040 artis
476 2998 545 3039 snae
570 2981 666 3039 indole
687 2979 781 3056 δριμὺν
802 2979 847 3038 καὶ
868 2978 966 3048 δόλιον,
997 2978 1036 3042 ὡς
1060 2978 1089 3036 ἐν
1113 2981 1170 3042 τοῖς
1192 2979 1262 3049 τότε,
1284 2980 1356 3039 πολὺ

242 3078 272 3137 δὲ
302 3077 439 3156 ἀπέχοντα
470 3082 519 3154 τῆς
549 3079 595 3135 νῦν
625 3075 793 3152 κακοηθείας
821 3072 968 3150 induxit³).
1014 3075 1083 3134 Huc
1111 3081 1226 3149 spectat
1255 3077 1356 3147 etiam,

243 3177 318 3248 quod
348 3192 405 3233 non
435 3190 506 3248 opus
537 3191 598 3233 esse
622 3176 765 3246 censebat,
796 3178 830 3231 ut
852 3171 922 3231 ficta
941 3175 1022 3230 veste
1046 3172 1182 3234 habituve
1202 3173 1305 3232 Ulixes
1325 3174 1357 3230 in

242 3289 375 3331 scaenam
401 3271 539 3345 prodiret,
564 3269 614 3341 qni
633 3271 784 3341 quominus
808 3269 1009 3326 aPhilocteta
1032 3273 1246 3341 agnosceretur,
1268 3269 1358 3343 longa

243 3385 382 3427 annornm
401 3370 492 3427 series
512 3367 584 3425 satis
611 3368 727 3426 obstare
747 3367 792 3424 illi
814 3366 878 3424 visa
897 3371 951 3424 est.
992 3365 1050 3423 Sed
1075 3366 1191 3424 fabulae
1217 3365 1304 3424 cardo
1326 3366 1358 3424 in

243 3465 346 3524 fraude
366 3466 446 3523 illius
466 3464 600 3532 vertitur,
631 3464 688 3535 ubi,
721 3479 905 3534 quaecunque
926 3464 1015 3520 verba
1034 3460 1198 3534 Aeschylus
1218 3462 1358 3522 Nostrum

244 3562 428 3620 adhibentem
448 3563 527 3630 fecit,
549 3562 607 3620 Dio
629 3575 686 3618 non
706 3560 798 3617 solum
818 3560 940 3617 honesta
960 3565 1048 3631 atque
1068 3561 1156 3618 heroe
1177 3559 1355 3631 dignissima,

245 3658 403 3716 sedetiam
427 3658 466 3716 ad
491 3656 577 3716 fidem
607 3657 769 3715 taciendam
799 3656 913 3714 omnino
935 3661 1005 3728 apta
1025 3656 1105 3716 dicit.
1145 3656 1220 3721 Nam
1239 3655 1358 3715 iraudu-

245 3755 339 3813 lenter
369 3755 420 3813 ille
451 3755 574 3827 quidem,
605 3755 687 3826 qnasi
712 3755 774 3827 ipse
797 3753 894 3811 nescio
916 3753 979 3824 quis
999 3751 1129 3812 Graecus
1148 3752 1268 3810 Troiam
1293 3768 1358 3810 oum

247 3851 353 3910 ceteris
373 3852 442 3910 olim
463 3853 611 3924 profectus
631 3851 679 3923 sit,
704 3866 803 3909 verum
823 3854 921 3922 spreta
941 3850 1118 3908 contortiore
1138 3847 1256 3907 fallacia
1275 3865 1358 3922 spro-

245 3954 332 4022 taque
353 3950 492 4009 violentia
513 3954 617 4023 aperta
641 3949 703 4006 viro
729 3947 859 4021 graviter
878 3947 960 4020 pedis
979 3947 1097 4004 volnere
1118 3947 1282 4020 aegrotanti
1302 3946 1358 4004 ita-

322 4161 342 4229 Ι)
361 4157 495 4215 moneor.
515 4156 597 4225 rag.
615 4157 694 4213 nom.
713 4175 740 4227 p.
756 4160 814 4213 no.
851 4159 872 4226 2)
892 4156 958 4211 uor.
976 4155 1011 4210 n.
1030 4153 1062 4211 r.
1081 4155 1123 4210 oo.
1161 4154 1184 4222 3)
1203 4152 1251 4210 0r.
1270 4154 1314 4223 sa,
1332 4154 1359 4213 s.
