3038 5108
649 381 866 444 „74-

199 594 301 654 Ulixes
331 594 409 653 solus
440 593 501 653 illic
532 598 562 652 et
592 594 674 666 quasi
704 593 840 666 privatim
861 591 1012 650 Palamedi
1032 589 1193 663 perniciem
1227 591 1330 661 parat,

198 692 303 751 ceteris
323 697 424 768 postea
444 691 557 750 demum
579 692 616 749 ad
636 690 728 764 ipsius
748 695 847 764 partes
867 689 934 748 dolo
951 688 1108 761 perductis,
1130 687 1174 744 ita
1188 685 1242 744 hic
1255 700 1328 756 quo·

199 806 254 862 que
274 804 347 848 unus
367 787 490 848 fortasse
509 788 594 847 initio
615 793 766 847 accusator
785 786 817 846 in
837 788 996 846 contionem
1016 784 1148 858 procedit
1166 782 1239 842 aliis
1256 798 1328 856 per·

198 902 325 958 suasum,
359 892 391 944 ut
421 886 504 945 illum
534 886 691 945 communis
717 902 820 944 causae
844 884 1036 958 proditorem,
1068 898 1155 954 quem
1174 881 1326 954 perhibet,

201 983 306 1055 capitis
320 1000 413 1055 poena
423 982 560 1042 afficiant.
592 983 672 1055 Quae
685 983 711 1043 si
725 987 828 1041 cuncta
842 981 1079 1054 comprobaveris,
1098 980 1186 1040 Ulixe
1200 979 1326 1038 inducto

200 1081 247 1139 hic
269 1096 381 1152 quoque
402 1081 532 1141 vilissimi
552 1081 677 1139 hominis
697 1081 851 1154 imaginem
870 1079 1009 1151 videmus,
1030 1094 1103 1150 quae
1123 1076 1203 1136 omni
1224 1075 1325 1135 herois

198 1177 939 1238 lmmmmmmmmmmmm

278 1276 395 1334 Mortuo
417 1276 530 1335 demum
544 1275 684 1349 Euripide
704 1274 780 1333 fflius
801 1279 852 1333 ant
873 1308 910 1316 -
932 1272 1087 1333 siSuidam
1108 1274 1197 1331 mavis
1219 1277 1323 1331 aucto·

199 1389 260 1430 rem
281 1375 363 1445 sequi
384 1408 421 1416 -
443 1373 543 1432 fratris
563 1371 639 1431 filius
660 1373 881 1446 Iphigeniam
901 1372 1130 1430 Aulidensem
1151 1370 1255 1429 edidit.
1287 1370 1324 1428 lu

199 1471 350 1544 Sophoclis
370 1469 524 1542 Iphigenia
542 1467 645 1527 Ulixes
670 1470 829 1539 quentari
849 1473 879 1527 et
899 1468 1075 1528 anctoritate
1094 1466 1207 1540 floreat,
1231 1483 1323 1540 snpra

199 1569 318 1642 exposui
349 1569 390 1644 (p.
414 1567 490 1643 61.);
522 1567 570 1625 hic
601 1583 772 1639 quamquam
797 1583 890 1637 neque
915 1566 977 1639 ipse
1003 1567 1034 1624 in
1059 1581 1193 1624 scaenam
1218 1563 1323 1638 prodit

198 1659 1322 1739 mfflfflmfflmmmmmmwfflmmmm

199 1762 319 1821 adducit
350 1767 380 1819 et
410 1779 446 1819 ne
477 1762 508 1819 in
539 1761 604 1834 ipsa
628 1761 743 1834 quidem
767 1761 963 1819 immolatione
995 1778 1013 1818 a
1043 1761 1143 1819 nuntio
1174 1758 1239 1818 inse
1272 1760 1321 1818 de·

199 1859 311 1931 scripta
332 1864 585 1930 commemoratur,
617 1876 757 1918 summum
777 1865 874 1917 tamen
896 1858 1007 1918 consilii
1026 1863 1175 1917 auctorem
1200 1863 1232 1916 et
1260 1856 1322 1916 fan·

198 1964 291 2016 torem
318 1973 383 2015 eum
405 1957 441 2016 ab
462 1957 602 2030 Euripide
623 1958 712 2016 etiam
732 1956 889 2030 significari
913 1957 959 2015 vel
987 1973 1023 2014 ex
1044 1955 1218 2014 Tauricae
1241 1956 1320 2028 lphi-

197 2055 299 2128 geniae
320 2055 416 2114 verbis
437 2055 636 2126 coguoschnns
656 2072 682 2112 ν.
705 2055 744 2112 24
764 2072 817 2126 squ

571 2185 609 2195 —
632 2151 680 2212 καί
699 2150 725 2228 μ’
744 2149 900 2216 Ὀδοσσέιος
919 2151 1013 2230 τέχναι

412 2249 516 2327 μητρὸς
536 2247 686 2326 παρείλοντ’
709 2247 752 2307 ἐπὶ
771 2249 869 2325 γάμοις
885 2248 1046 2328 Ἀχιλλέως.

198 2347 325 2419 Quacum
345 2348 458 2406 ratione
479 2348 600 2405 alterius
619 2347 736 2406 fabulae
756 2353 817 2406 tres
837 2348 893 2406 loci
914 2346 1096 2406 concordant.
1128 2347 1171 2404 Ac
1192 2346 1320 2418 primum

198 2444 313 2517 quidem
333 2444 409 2503 inter
429 2445 615 2518 paucissimos
628 2444 702 2514 illos,
724 2445 774 2517 qui
787 2446 894 2503 iussum
908 2445 1022 2503 Dianae
1035 2445 1177 2517 noverint,
1198 2443 1321 2504 Ulixem

197 2542 293 2600 innuit
313 2539 495 2614 Agamemno
516 2559 543 2600 ν.
570 2542 624 2600 106
646 2559 703 2613 sq.:

410 2638 487 2714 μόνοι
508 2637 530 2697 δ’
547 2636 670 2716 Ἀχαιῶν
692 2638 776 2713 ἴσμεν,
798 2639 837 2702 ὥς
857 2640 915 2718 ἔχει
934 2638 1010 2711 τάδε,

409 2734 527 2814 Κάλχας
543 2734 690 2800 Ὀδυσσεὺς
710 2733 856 2800 Μενέλεώς
876 2734 902 2794 θ’
924 2766 987 2795 -.·

197 2833 252 2891 Est
272 2848 341 2891 sane
362 2833 435 2892 illud
448 2834 528 2891 laudi
539 2834 724 2904 Laertiadae,
745 2835 852 2908 quippe
867 2836 948 2894 cuius
961 2851 1031 2908 prae
1046 2836 1151 2895 ceteris
1165 2835 1321 2895 consilium

199 2929 230 2987 in
240 2930 369 2990 adversis
380 2931 464 2989 rebus
475 2937 506 2990 et
515 2932 651 3004 periculis
662 2932 760 3005 expeti
772 2937 922 3005 appareat.
942 2932 989 2992 At
998 2933 1131 3006 quoniam
1144 2932 1232 2991 Atrei
1242 2933 1321 2994 filios

196 3026 243 3085 rei
262 3043 327 3086 cum
346 3032 463 3086 versuto
484 3028 598 3087 homine
620 3031 843 3088 communicatae
864 3031 951 3103 paulo
973 3034 1039 3103 post
1058 3047 1232 3104 magnopere
1246 3048 1321 3104 poe·

197 3124 271 3182 nitet
278 3121 310 3199 ¹),
343 3123 439 3183 Ulixis
459 3126 549 3182 honos
570 3124 624 3183 tali
644 3126 802 3185 amicorum
823 3128 988 3200 suspicione
1008 3128 1188 3200 aliquantum
1208 3129 1320 3186 minui-

197 3227 258 3290 tur;
280 3222 329 3294 qui
349 3222 479 3295 quamvis
499 3222 555 3281 hac
575 3228 653 3282 certe
674 3225 705 3282 in
726 3240 813 3283 causa
833 3226 869 3282 ob
889 3241 970 3285 suam
990 3226 1083 3297 magis
1104 3225 1318 3284 dubitationem

197 3324 228 3377 et
247 3319 471 3379 inconstantiam
492 3321 529 3379 ad
550 3321 705 3380 maledicta
725 3321 756 3378 in
775 3322 849 3381 alios
862 3319 1008 3381 fundenda
1017 3323 1163 3396 inclinent,
1185 3328 1249 3382 toto
1270 3329 1319 3382 ta-

197 3433 261 3473 men
288 3418 430 3489 colloquio
450 3432 508 3475 non
528 3433 627 3477 veram
647 3433 710 3476 asse
730 3418 845 3476 illorum
866 3435 934 3492 erga
954 3418 1070 3479 Ulixem
1089 3420 1237 3493 fiduciam,
1265 3421 1318 3479 sed

197 3518 318 3586 propter
343 3516 420 3574 solas
439 3531 534 3574 rernm
555 3516 701 3589 angustias
721 3517 861 3576 auxilium
882 3518 944 3576 eius
964 3517 1097 3577 adbiberi
1117 3519 1148 3576 in
1160 3521 1319 3592 propatulo

200 3612 252 3666 est.
294 3609 522 3681 Agamemnonis
553 3612 695 3685 convIcio,
726 3613 803 3686 quod
832 3613 1015 3674 Ithacensem
1045 3616 1204 3689 principem
1233 3619 1317 3688 qnasi

198 3705 360 3779 aSisypho
385 3707 535 3766 oriundum
571 3708 695 3782 castigat
720 3708 760 3785 (p.
775 3711 813 3767 47
829 3711 899 3785 sq.),
926 3712 965 3770 ad
988 3713 1107 3772 tertium
1135 3713 1319 3773 traducimur

196 3803 305 3876 locum,
337 3805 387 3862 nbi
417 3803 652 3880 Clytaemnestra
682 3823 745 3866 cum
776 3807 891 3868 Achille
923 3805 960 3867 de
991 3811 1132 3870 servanda
1162 3809 1223 3870 tilia
1253 3828 1317 3870 ser·

269 4036 292 4102 ¹)
310 4052 336 4091 ν.
355 4036 407 4091 524
426 4051 487 4107 sqq.
