3038 5108
658 422 851 483 -4-

200 638 372 698 timiditatis
392 637 583 708 suspicionem
604 631 748 701 admittit,
770 646 834 687 oum
853 629 884 686 in
903 644 1017 702 pugnae
1037 629 1162 687 tumultu
1183 627 1335 701 Tydidae

198 725 407 809 rec'precibus
425 749 479 791 nec
499 729 759 804 vituperationibus
779 726 899 784 retineri
919 724 1049 799 potest¹).
1088 725 1144 783 Sed
1164 725 1246 798 iuga
1269 726 1335 784 iam

200 842 270 892 anie
300 830 491 890 Laertiadam
522 828 691 884 idomeneus
719 823 900 895 Agamemno
931 830 1052 895 uterque
1082 823 1161 881 Aiax
1193 825 1335 881 salutem

199 931 355 1004 petierunt
378 943 412 985 ae
432 927 541 984 Nestor
560 924 622 996 ipse
643 938 661 978 a
681 920 821 979 Diomede
841 921 890 978 vix
911 924 1050 978 servatur.
1093 920 1194 991 Neque
1222 925 1335 977 tamen

198 1029 290 1086 iscst
309 1026 420 1094 Ulixes,
442 1023 492 1094 qui
511 1022 536 1078 si
556 1035 658 1091 pamm
679 1016 812 1076 sufficere
832 1018 911 1074 vires
932 1033 998 1075 suas
1019 1017 1179 1088 intellegit,
1207 1022 1333 1076 temere

199 1126 347 1195 inceptum
368 1118 471 1189 exequi
490 1120 666 1189 perseveret.
698 1115 813 1172 Etenim
835 1115 893 1171 iam
913 1114 1032 1185 Jupiter
1052 1114 1173 1171 fulmine
1195 1115 1335 1172 caelitus

199 1220 295 1290 misso,
317 1217 376 1274 utri
394 1215 519 1274 victoria
533 1211 676 1282 succedat,
698 1211 769 1269 satis
783 1211 878 1268 lucide
892 1211 998 1278 innuit;
1021 1215 1123 1268 eontra
1136 1211 1206 1269 deos
1221 1215 1334 1269 autem

198 1315 315 1389 perdita
339 1329 428 1386 opera
448 1325 569 1380 cumque
590 1324 641 1365 suo
663 1309 754 1380 ipsius
775 1308 948 1366 detrimento
976 1323 1106 1380 pugnare
1135 1309 1197 1379 quis
1223 1311 1333 1381 magis

197 1418 335 1471 vereatur
365 1415 417 1467 aut
445 1405 611 1478 diligentius
636 1405 709 1462 iram
740 1405 855 1462 omnino
888 1405 1005 1462 deorum
1025 1409 1125 1462 caveat
1145 1421 1235 1474 quam
1258 1406 1333 1478 pins

195 1509 376 1583 prudensque
389 1503 585 1564 Laertiades?
606 1501 732 1575 Propter
747 1502 822 1559 hanc
836 1517 905 1559 vero
919 1501 1013 1573 ipsam
1033 1501 1332 1560 moderationem

194 1613 283 1678 atque
303 1601 556 1671 constantiam,
579 1615 635 1670 qua
655 1616 691 1656 ne
712 1599 811 1658 invitis
833 1599 1044 1656 immortalibus
1065 1599 1142 1656 vires
1169 1583 1328 1667 intendat,

195 1720 247 1762 sno
278 1717 392 1773 semper
421 1700 485 1755 ioco
513 1712 546 1754 ac
573 1701 703 1767 tempore
728 1694 911 1767 prohibetur,
943 1696 1037 1766 magis
1064 1696 1150 1752 etiam
1172 1711 1262 1766 quam
1288 1697 1331 1754 ad

195 1796 428 1871 belligerandum
459 1793 608 1851 idoneus
639 1792 681 1848 ad
708 1791 984 1849 contionandum
1009 1799 1045 1848 et
1068 1792 1330 1864 paciscendum

195 1896 306 1955 existit.
346 1894 404 1968 Qui
425 1909 443 1949 a
463 1890 595 1947 Minerva
615 1889 777 1947 admonitus
798 1889 909 1946 animos
931 1889 1120 1946 Achaeorum
1139 1889 1261 1946 iamiam
1291 1889 1329 1946 de

196 1994 277 2052 abitu
308 1989 497 2062 cogitantium
528 1986 613 2044 minis
644 1991 673 2043 et
699 1986 913 2044 hortationibus
938 1987 1045 2044 retinet
1083 2003 1118 2043 ac
1150 1986 1329 2044 Thersitam

197 2089 340 2161 deinceps,
363 2088 412 2159 qui
432 2087 510 2144 solus
530 2086 561 2142 in
581 2083 720 2141 redeundi
740 2083 860 2140 consilio
883 2085 1003 2154 perstat,
1028 2100 1090 2141 eum
1118 2086 1261 2154 omnium,
1293 2093 1331 2145 ut

197 2189 254 2246 iam
266 2185 400 2251 vidimus,
412 2183 498 2241 laude
511 2187 540 2242 et
554 2197 672 2239 assensu
687 2180 856 2238 verberibus
870 2185 993 2245 coercet,
1006 2181 1063 2237 iam
1076 2198 1143 2238 vero
1159 2182 1328 2242 cohibitum

197 2284 300 2356 volgus
320 2281 479 2354 composita
500 2280 535 2338 ad
557 2278 787 2351 persuadendum
809 2279 947 2348 oratione,
970 2284 1004 2336 ut
1026 2279 1064 2335 ad
1085 2295 1166 2336 arma
1186 2279 1327 2348 redeant,

197 2379 312 2439 fortiter
336 2377 470 2450 perducit
478 2375 515 2450 2);
547 2377 670 2434 alterum
701 2376 748 2433 vel
774 2375 870 2448 potius
896 2376 1016 2433 tertium
1036 2377 1262 2448 Agamemnonis
1288 2378 1328 2437 de

197 2474 380 2548 navigatione
405 2474 555 2532 consilium
579 2472 755 2544 gravissimis
784 2473 877 2530 causis
905 2472 1031 2543 itemque
1051 2489 1188 2544 prospero
1211 2479 1327 2539 eventu

197 2566 382 2644 reprobat³);
404 2586 490 2642 porro
511 2575 545 2626 ut
565 2570 624 2627 iam
644 2568 726 2626 initio
748 2569 818 2626 belii
840 2584 904 2625 cum
920 2569 1054 2627 Menelao
1080 2570 1118 2627 ad
1132 2571 1329 2642 repetendam

197 2669 342 2727 Helenam
374 2668 477 2726 missus
511 2666 698 2738 splendida
731 2664 901 2722 facundia
931 2666 1067 2725 Troianis
1099 2667 1330 2727 admirationem

199 2763 341 2840 effecit⁴),
363 2765 405 2823 ita
427 2766 541 2835 legatus
563 2764 666 2822 deinde
688 2764 725 2821 ad
745 2762 935 2836 mitigandum
955 2764 1117 2838 Pelidam⁵)
1138 2764 1164 2821 si
1185 2780 1245 2821 non
1259 2765 1332 2824 fau-

202 2862 293 2920 stiore
313 2878 400 2933 quam
413 2867 482 2919 tunc
497 2878 628 2920 successu
642 2879 704 2919 rem
717 2863 803 2934 gerit,
824 2867 923 2920 tamen
936 2861 1014 2918 iilius
1027 2861 1151 2919 maxime
1165 2862 1296 2920 orationi
1302 2860 1331 2938 ⁶)

200 2958 388 3017 tribuendum
402 2958 527 3027 videtur,
549 2959 625 3029 quod
640 2957 772 3017 Achilles
787 2960 914 3030 aliquam
928 2959 1032 3016 saltem
1046 2959 1147 3016 auxilii
1167 2975 1249 3030 spem
1271 2961 1331 3019 ad-

200 3052 325 3128 mittit7).
362 3055 418 3126 Qui
438 3054 553 3125 quidem
574 3059 643 3112 tunc
662 3055 786 3128 primum
800 3057 836 3113 ab
852 3055 939 3113 Ulixe
955 3056 1096 3128 placatus,
1117 3056 1148 3111 in
1168 3056 1332 3127 pristinam

200 3157 305 3225 postea
320 3168 383 3209 cnm
396 3150 614 3223 Agamemnone
628 3151 753 3222 gratiam
768 3152 804 3209 ab
819 3151 906 3209 Ulixe
920 3151 1082 3210 reducitur:
1100 3153 1180 3209 cuius
1194 3154 1333 3232 verbis⁸)

202 3267 241 3308 an
262 3249 389 3307 ferocem
409 3249 532 3306 Achillis
551 3249 678 3306 animum
698 3249 791 3306 minus
812 3251 961 3308 conciliari
984 3255 1078 3322 putas,
1115 3266 1200 3321 quam
1220 3251 1332 3321 quibus

204 3347 286 3405 donis
306 3344 416 3405 Atrida
436 3345 622 3405 fortissimum
642 3346 751 3404 socium
771 3347 884 3404 mollire
905 3345 1040 3405 studeat?

284 3444 395 3502 Passim
416 3443 464 3500 hic
484 3443 632 3513 ingenium
645 3442 741 3500 Ulixis
761 3444 905 3501 sincerum
927 3460 961 3501 ac
981 3444 1102 3501 liberale
1122 3442 1248 3502 vidimus
1271 3443 1330 3502 de-

203 3541 355 3612 scriptum;
390 3540 484 3612 magis
516 3540 574 3597 iam
604 3541 766 3598 versutia
796 3541 875 3598 illius
906 3557 941 3598 ac
970 3538 1130 3598 furtivae
1165 3540 1332 3600 actionis

204 3637 356 3695 studium
387 3637 417 3694 in
442 3637 576 3695 Dolonea
606 3637 786 3709 exprimitur.
828 3638 919 3708 Quam
951 3654 1015 3695 cum
1045 3636 1230 3709 rhapsodiam
1265 3637 1330 3709 ipsi

204 3739 317 3791 veteres
343 3733 402 3790 iam
430 3734 526 3792 critici
546 3739 647 3807 postea
668 3735 781 3791 demum
802 3735 889 3792 iliadi
909 3735 1047 3792 insertam
1070 3749 1133 3792 esse
1155 3734 1328 3808 doceant⁹),

277 3960 298 4032 ¹)
318 3959 388 4015 090
399 3976 460 4030 sqq.
480 3960 700 4027 qanta-335.
721 3960 826 4033 ⁸)383
836 3978 896 4032 sqq.
916 3960 1035 4031 ⁴)P203
1049 3978 1109 4031 sqq.
1129 3960 1174 4031 5)Ι
1198 3963 1248 4016 169
1262 3978 1328 4034 sqq.

204 4048 227 4119 ο)
247 4048 284 4107 ib.
304 4049 356 4103 225
375 4064 436 4118 sqq.
483 4049 504 4116 ⁷)
523 4048 560 4104 ih.
580 4051 633 4104 650
651 4065 711 4119 sqq.
757 4049 779 4116 Β)
801 4050 838 4105 ib.
860 4052 910 4105 178
929 4066 989 4120 sqq.
1010 4052 1061 4104 215
1081 4066 1141 4120 sqq.
1188 4049 1210 4119 9)
1235 4050 1328 4108 schol.

206 4136 291 4209 Vict.;
309 4136 436 4191 Eustath.
455 4152 482 4205 p.
503 4137 563 4205 785,
581 4140 624 4191 41.
642 4209 645 4216 Ι
