3038 5108
648 417 864 482 ..73-

194 648 253 690 non
277 631 457 707 Sophoclis¹)
489 636 542 690 001
565 629 690 706 100101),
723 630 775 690 sed
799 631 1006 691 Nicomachi
1036 630 1148 704 fabula,
1183 633 1319 705 permiro

195 735 312 802 captum
333 729 498 787 discrimine
518 728 688 801 reperimus,
709 729 758 787 ubi
778 732 893 786 tantum
913 729 1004 802 abest,
1026 733 1060 786 ut
1077 712 1109 787 id
1123 730 1202 801 quod
1217 730 1250 787 ln
1270 747 1321 788 ex·

198 832 291 884 trema
305 825 457 898 Sophoclis
471 824 566 884 Aiace
579 826 696 898 legitur,
718 825 820 885 Ulixes
837 827 927 899 ipsius
940 825 1046 885 Teucri
1059 827 1194 899 partibus
1209 827 1319 898 faveat,

197 928 231 980 ut
246 924 322 980 alter
342 922 475 990 alterum,
497 923 581 993 quasi
601 922 723 980 fratrem
743 939 796 995 per
816 922 935 982 insidias
956 923 1103 993 occiderit,
1128 925 1321 984 vehementer

196 1025 320 1077 accuset.
350 1021 400 1080 Ad
415 1037 548 1080 scaenam
562 1020 733 1093 tragoediae
747 1021 838 1092 magis
852 1021 1055 1080 illustrandam
1064 1021 1247 1081 Ribbeckius
1261 1023 1319 1081 Ro·

195 1133 344 1175 manorum
355 1119 528 1190 scriptorum
538 1117 713 1188 testimonia,
724 1116 864 1189 imprimis
875 1117 1080 1188 cursusve,
1089 1119 1134 1176 13.
1146 1119 1205 1177 huc
1215 1119 1318 1188 refert,

196 1215 270 1272 unde
292 1215 388 1274 elucet
402 1215 546 1274 Teucrum
560 1215 704 1274 invenisse
717 1213 835 1272 Ulixem
852 1215 899 1282 ,in
913 1215 1067 1273 solitudine
1080 1215 1163 1273 iuxta
1183 1218 1318 1275 exanime

201 1312 310 1369 inimici
331 1329 434 1385 corpus
449 1329 513 1371 cum
527 1312 626 1383 gladio
646 1315 794 1380 cruento“‚
816 1326 872 1382 quo
891 1316 1027 1383 suspecto
1049 1328 1117 1370 sane
1139 1311 1236 1372 fretus
1257 1330 1318 1372 mo·

197 1414 294 1467 mento
305 1411 417 1468 Teucer
427 1409 509 1467 illum
520 1409 669 1467 interfecti
681 1406 782 1466 fratris
792 1423 875 1465 reum
888 1409 1046 1481 peregerit.
1071 1408 1123 1468 Ad
1135 1411 1214 1482 quod
1224 1411 1319 1470 Laer-

196 1507 305 1564 tiadam
317 1508 379 1565 rice
394 1523 479 1564 versa
489 1506 560 1564 item
575 1506 686 1564 Teucro
698 1505 794 1564 caedis
811 1506 924 1579 eulpam
939 1505 1113 1577 assignasse,
1136 1510 1320 1579 argumentis

197 1620 233 1661 ex
253 1604 330 1662 illius
352 1602 495 1661 affinitate
515 1603 601 1677 paulo
622 1602 736 1676 longius
755 1603 924 1677 repetitis³),
947 1619 1019 1674 quae
1040 1619 1197 1676 recoquere
1219 1623 1238 1664 a
1249 1623 1319 1679 pro-

195 1700 290 1772 posito
321 1706 420 1759 nostro
447 1701 595 1767 abhorret,
632 1716 666 1758 eo
692 1699 784 1773 magis
808 1700 857 1758 hic
877 1705 1039 1760 memoratu
1059 1701 1176 1774 dignum
1197 1707 1258 1770 est,
1290 1703 1319 1760 id

198 1796 273 1867 quod
294 1798 385 1854 altero
408 1797 535 1855 eiusdem
555 1798 623 1854 libri
643 1796 738 1872 loeo⁴)
758 1797 914 1870 reperitur,
935 1797 1032 1857 Ulixis
1052 1797 1117 1858 dico
1137 1806 1279 1874 acceptae
1300 1817 1318 1858 a

197 1894 331 1952 Troianis
352 1895 504 1966 pecuniae,
526 1900 560 1952 01
579 1894 701 1953 fratrem
720 1894 915 1968 interdiceret,
927 1897 1059 1955 acerbius
1080 1898 1226 1956 incusanti
1247 1899 1319 1957 haec

195 1991 256 2050 sere
281 1992 461 2065 respondisse
482 1992 638 2051 Teucrum:
676 1993 738 2058 ,Tu
759 1993 887 2064 quidem,
920 1993 1035 2067 Ulixes,
1063 1995 1111 2066 qui
1132 1996 1319 2054 adversarius

196 2088 298 2147 Aiacis
318 2088 415 2159 fuisti,
446 2090 521 2147 hunc
546 2090 669 2161 pecunia
690 2095 812 2163 accepta
831 2107 890 2149 000
908 2092 1086 2164 prodideris,
1118 2109 1170 2166 ego
1192 2093 1315 2162 Teucer,

196 2186 326 2244 fraterno
348 2187 486 2258 sanguine
507 2203 571 2243 cum
592 2202 626 2244 eo
648 2182 887 2263 coniunctus⁶2“⁵)
913 2188 997 2247 Unde
1018 2189 1121 2261 elucet,
1136 2194 1317 2263 quantopere

196 2283 389 2341 Nicomachus
411 2299 474 2341 cum
494 2288 588 2340 totum
610 2283 794 2342 inclinaverit
814 2285 914 2343 iudicii
933 2285 1019 2343 finem
1039 2286 1069 2342 in
1081 2284 1232 2358 Sophoclis
1255 2294 1315 2346 tra·

196 2380 299 2452 goedia
319 2381 511 2453 magnificum,
534 2386 596 2438 tum
610 2381 705 2440 Ulixis
720 2382 847 2439 animum
867 2398 902 2440 ac
921 2399 1016 2441 mores
1031 2383 1066 2441 de
1080 2382 1245 2440 admirabili
1267 2384 1319 2443 illa

198 2477 366 2536 excelsitate
388 2478 532 2536 deiecerit.

277 2574 350 2632 Cum
363 2575 553 2633 Nicomachus
575 2575 605 2631 in
625 2574 711 2633 rebus
732 2580 799 2647 post
819 2591 964 2632 armorum
983 2576 1121 2635 iudicium
1140 2578 1229 2650 gestis
1251 2593 1318 2636 ver·

197 2676 325 2744 seretur,
357 2672 424 2730 huic
449 2673 505 2744 ipsi
530 2671 682 2730 certamini
701 2678 768 2745 post
787 2673 962 2731 vetustiores
982 2674 1150 2747 tragoediae
1170 2675 1319 2748 principes

197 2770 286 2827 etiam
306 2769 527 2828 Theodectes
548 2774 578 2827 et
598 2768 738 2828 Carcinus
760 2786 877 2843 operam
897 2770 1045 2830 dederunt.
1078 2771 1209 2845 Quorum
1230 2773 1317 2844 alter,

197 2868 408 2940 Peripateticus
440 2856 626 2937 Phaselites,
646 2868 709 2940 ipse
741 2884 852 2939 quoque
873 2869 1017 2927 Aiacem
1039 2870 1169 2942 scripsit,
1202 2871 1239 2929 de
1261 2887 1318 2942 quo

197 2964 337 3022 nonnulla
358 2969 436 3022 certe
457 2963 636 3023 Aristoteles
656 2966 687 3022 10
707 2964 866 3024 Rhetorica
886 2969 982 3023 monet
999 2968 1020 3042 ).
1063 2965 1210 3038 Uterque,
1237 2969 1320 3027 euius

199 3060 274 3118 ratio
296 3061 427 3132 habetur,
449 3061 529 3119 locus
550 3063 588 3120 ad
606 3062 689 3120 litem
709 3063 848 3136 pertinet:
872 3065 1056 3124 Telamonius
1071 3067 1147 3124 enim
1161 3065 1252 3124 obicit
1265 3065 1319 3124 ad-

197 3157 337 3220 versario.
360 3159 447 3216 istum
468 3175 526 3216 non
545 3159 663 3218 honoris
684 3176 770 3218 causa
792 3162 964 3220 aDiomede
984 3162 1122 3222 videlicet
1140 3164 1171 3221 in
1185 3163 1321 3221 Dolonea

199 3257 333 3313 comitem
364 3257 487 3314 electum
518 3273 593 3328 esse,
636 3273 736 3315 verum
770 3262 803 3315 ut
833 3259 895 3330 ipso
928 3262 1005 3317 esset
1034 3259 1162 3320 inferior.
1214 3261 1320 3320 Ulixes

197 3359 294 3411 autem
324 3353 461 3424 ignaviae
493 3356 628 3425 probrum
664 3356 844 3429 repulsurus,
887 3358 955 3429 quia
990 3363 1091 3416 cautus
1126 3374 1159 3417 ac
1192 3359 1320 3432 prudens

198 3452 249 3522 sit,
282 3452 439 3510 audacibus
469 3452 600 3509 timidum
631 3469 694 3511 sese
730 3459 761 3511 et
794 3453 970 3513 imbecillum
999 3455 1094 3513 videri
1118 3456 1319 3532 respondem).

271 3704 293 3761 ¹l
316 3704 423 3762 Nauck.
449 3704 530 3775 Trag.
552 3704 585 3762 fr.
609 3723 637 3778 p.
662 3710 728 3775 2043
755 3706 789 3763 cf.
806 3708 940 3766 Ribbeck.
961 3709 980 3765 l.
1005 3724 1041 3767 c.:
1071 3707 1146 3778 ,Der
1167 3711 1319 3768 001000-

198 3792 305 3864 selben,
327 3793 379 3848 mit
401 3794 464 3849 dem
483 3793 531 3849 des
550 3793 788 3851 Pacuuianischen
807 3798 1080 3869 iibereinstimmend,
1105 3799 1235 3856 schliesst
1250 3801 1318 3872 jede

198 3881 376 3951 Beteiligung
395 3882 443 3936 des
462 3880 514 3938 Od.
533 3885 609 3941 aus.“
649 3885 674 3953 ²)
693 3884 828 3942 Welcher.
850 3886 932 3956 Trag.
951 3886 993 3942 III
1011 3903 1038 3958 p.
1059 3889 1119 3947 953.
1156 3889 1179 3959 ⁸)
1198 3890 1317 3946 Aristot.
1349 3873 1352 3881 ¹

124 3986 127 3995 ·
198 3969 279 4025 Rhet.
298 3968 340 4024 III
362 3970 402 4025 15.
416 3971 484 4024 extr.
520 3971 816 4039 ⁴)ib.1123b139a
854 3975 876 4044 ⁵)
896 3975 988 4032 Verba
1008 3976 1043 4031 ad
1056 3977 1141 4032 aliam
1158 3994 1219 4034 rem
1236 3995 1318 4034 usur·

198 4059 266 4128 pata
277 4059 307 4112 in
319 4057 391 4112 hanc
405 4057 591 4114 conditionem
603 4062 722 4120 restitui.
753 4060 983 4133 ⁰)112aao3111
999 4065 1040 4120 15.
1054 4067 1122 4122 extr.
1142 4066 1164 4135 ²)
1177 4064 1206 4121 II
1220 4068 1263 4138 23,
1274 4069 1317 4124 24.
