3038 5108
690 526 992 606 -aa--w

245 734 321 793 inter
354 734 544 809 Argonautas
578 737 762 796 inveniamus.
821 739 916 798 Pluris
956 742 1070 811 quidem
1104 741 1224 799 Pelidae
1258 741 1365 813 appel-

245 833 381 890 lationem
402 833 616 903 aestimaveris,
649 834 768 892 sedhic
789 837 878 893 etiam
898 839 1031 908 quamvis
1050 837 1180 896 Hectore
1201 839 1364 896 interfecto

245 927 364 987 mirifice
389 930 423 988 de
444 932 502 988 suis
526 932 647 989 meritus
667 934 719 1003 sit,
751 933 807 991 alio
829 934 881 992 illa
906 935 953 992 vix
979 940 1091 1007 spectat
1115 935 1170 995 nisi
1195 936 1233 994 ad
1253 936 1364 994 multas

244 1026 358 1098 quidem
388 1029 459 1086 istas
486 1031 580 1098 urbes,
613 1047 683 1102 quas
708 1047 761 1103 per
780 1048 882 1090 novem
902 1033 1015 1105 priores
1039 1033 1109 1090 belli
1128 1033 1248 1091 Troiani
1268 1048 1366 1090 annos

212 1174 216 1180 .
245 1140 280 1181 ex
306 1125 409 1183 itinere
433 1142 635 1197 nonnunquam
667 1128 782 1187 evertit.
823 1130 867 1186 At
887 1129 1053 1201 longissime
1073 1130 1145 1188 haec
1165 1130 1227 1188 laus
1248 1131 1284 1188 ab
1307 1130 1360 1187 illo

244 1220 339 1280 Ulixis
370 1223 483 1280 nomine
514 1225 632 1284 recedit.
673 1225 762 1296 Quem
790 1227 923 1296 quoniam
949 1225 1072 1284 Troadis
1102 1228 1187 1285 urbes
1218 1226 1363 1284 delevisse

244 1315 275 1371 in
309 1317 399 1375 Iliade
432 1320 505 1377 nihil
529 1322 667 1395 scriptum
701 1323 800 1393 video,
832 1340 900 1381 voce
935 1325 987 1381 illa
1019 1340 1105 1381 unam
1139 1324 1247 1392 urbem,
1283 1321 1360 1381 Tro-

244 1412 302 1471 iam
322 1414 433 1472 scilioet
450 1416 552 1488 ipsam,
575 1419 723 1477 subaudiri
743 1425 871 1492 oportet:
893 1418 1068 1477 facinoribus
1086 1421 1144 1477 illis
1165 1423 1282 1477 cunctas
1295 1419 1363 1477 fere

244 1510 311 1568 inde
332 1527 350 1568 a
370 1513 439 1570 belli
459 1514 543 1600 initio
565 1514 704 1573 delendae
724 1515 803 1573 mbis
825 1516 1003 1575 conditiones
1024 1521 1054 1574 et
1067 1517 1222 1575 fortissime
1243 1521 1273 1574 et
1292 1515 1363 1572 fau-

244 1607 367 1666 stissime
400 1611 536 1683 explevit.
582 1612 723 1670 Bellicam
754 1613 846 1684 igitur
878 1614 1076 1686 publicamque
1108 1614 1204 1673 Ulixis
1234 1613 1362 1685 gloriam

245 1706 320 1776 cycli
342 1707 416 1778 epici
437 1709 592 1780 scriptores
613 1724 697 1779 quam
712 1711 835 1767 maxime
850 1717 1007 1779 auxerunt,
1030 1716 1157 1769 attamen
1171 1710 1250 1768 illius
1270 1709 1362 1766 mori-

244 1801 298 1859 bus
317 1803 403 1861 iidem
423 1804 603 1864 foedissimas
618 1806 755 1876 quasdam
769 1807 951 1879 impegerunt
965 1809 1100 1867 maculas.
1128 1808 1225 1867 Nolim
1238 1807 1361 1865 nimium

244 1919 359 1974 premas
380 1903 487 1973 agendi
506 1904 655 1974 rationem,
678 1919 735 1974 qua
754 1902 855 1961 Ulixes
875 1905 906 1961 in
926 1902 1120 1962 Philoctetam
1144 1903 1263 1961 Aiacem
1282 1901 1362 1960 Oilei

245 1998 336 2057 filium
354 2000 534 2072 Iphigeniam
556 2000 684 2058 homines
705 2001 866 2073 populares,
888 2002 1027 2059 barbaros
1044 2001 1251 2074 Astyanactem
1271 1998 1360 2073 Poly·

245 2112 348 2154 xenam
379 2097 503 2155 fortasse
523 2088 675 2154 Hecubam
706 2113 816 2168 quoque
838 2098 943 2155 utitur:
977 2114 1042 2154 nam
1069 2098 1291 2169 qualemcunque
1317 2097 1365 2154 eis

246 2195 376 2252 omnibus
390 2200 499 2252 sortem
512 2194 638 2264 molitur,
660 2195 801 2266 prospicit
815 2196 983 2267 plerumque
998 2211 1113 2252 suorum
1127 2195 1223 2253 saluti.
1253 2193 1360 2266 Cogito

245 2292 341 2372 potius
362 2293 397 2349 de
410 2291 551 2350 vilissima
570 2293 615 2349 sui
629 2292 792 2364 cupiditate,
815 2309 871 2364 qua
891 2293 1024 2351 seductus
1037 2294 1068 2349 in
1082 2291 1198 2366 Cypriis
1211 2290 1362 2349 Palamedi

246 2404 357 2456 necem,
389 2390 508 2447 insidias
528 2389 664 2447 Diomedi
694 2391 725 2447 in
745 2389 843 2448 Parva
862 2390 956 2448 Iliade
981 2396 1074 2462 paret,
1106 2406 1141 2448 ac
1167 2390 1202 2447 de
1227 2388 1310 2446 miris
1330 2392 1365 2444 et

246 2486 386 2544 fabulosis
405 2487 558 2544 itineribus
579 2486 754 2557 discidioque
774 2487 852 2545 inter
870 2492 983 2560 patrem
1009 2494 1040 2545 et
1065 2485 1157 2545 filium
1178 2485 1361 2547 fatalissimo.

246 2582 348 2654 quibus
368 2584 494 2642 narratis
519 2584 556 2640 ab
576 2583 773 2654 Eugammone
794 2584 1004 2656 pulcherrimus
1024 2584 1073 2642 ille
1093 2583 1243 2641 Homerici
1263 2581 1365 2640 Ulixis

247 2697 316 2753 erga
345 2682 471 2752 patriam
496 2680 690 2750 familiamque
721 2697 801 2738 amor
833 2682 973 2739 violenter
1004 2682 1086 2752 quasi
1107 2685 1263 2739 evertatur.
1304 2680 1361 2737 His

247 2779 402 2835 sceleribus
427 2779 600 2851 exponendis
620 2795 729 2837 necnon
751 2778 959 2850 amplificandis
979 2781 1101 2836 maxime
1121 2777 1290 2851 posterioris
1311 2793 1362 2834 ae·
1420 2771 1423 2776 ’

246 2875 318 2931 tatis
348 2891 465 2946 operam
495 2877 653 2949 scriptores
683 2876 892 2950 impenderunt,
924 2891 1095 2947 quamquam
1122 2892 1171 2932 eos
1190 2890 1302 2947 quoque
1325 2872 1363 2930 de

247 2971 366 3028 militari
386 2972 480 3030 Ulixis
511 2974 595 3031 laude
628 2990 691 3031 cum
722 2975 895 3048 cyclicorum
926 2973 1071 3030 sententia
1102 2973 1267 3043 conspirare
1292 2970 1361 3028 hinc

247 3068 350 3134 elucet,
372 3068 446 3138 quod
461 3067 588 3144 Strabo¹)
612 3075 641 3128 et
654 3070 852 3145 Polyaenum),
874 3076 907 3128 ut
927 3070 1059 3141 exemplo
1078 3074 1154 3140 utar,
1175 3069 1239 3126 loco
1260 3067 1360 3125 eodem

248 3164 376 3223 adhibito
399 3165 516 3223 Troiam
536 3183 598 3223 esse
619 3167 744 3223 deletam
764 3167 932 3237 praedicant
951 3167 1030 3225 illius

460 3265 546 3340 βουλῇ
567 3261 611 3321 καὶ
636 3261 743 3337 μύθοισι
767 3261 812 3322 καὶ
838 3263 998 3341 ἠπεροπηίόι
1022 3263 1145 3341 τέχνῃ3).

327 3361 387 3432 Quo
409 3361 515 3418 incerti
539 3361 667 3417 auctoris
691 3360 833 3417 versiculo
860 3360 917 3416 iam
943 3360 1123 3418 traducimur
1153 3359 1191 3416 ad
1222 3361 1367 3416 ceteros

248 3458 418 3529 antiquioris
439 3458 504 3516 aevi
528 3461 653 3529 poetas
679 3456 814 3528 epicos,
846 3458 893 3526 qui
914 3461 1010 3514 tamen
1035 3471 1178 3527 quousque
1197 3453 1292 3513 Ulixis
1312 3470 1361 3511 re·

248 3555 387 3625 spiciendi
406 3556 455 3612 vel
476 3554 641 3612 celebrandi
661 3554 810 3612 occasione
823 3555 867 3611 usi
888 3554 953 3626 sint,
977 3553 1150 3612 carminibus
1163 3557 1292 3624 tempore
1306 3553 1364 3609 ab·

248 3654 368 3725 sumptis
388 3670 473 3726 aegre
494 3653 577 3711 hodie
596 3652 772 3726 exploratur.
800 3653 841 3710 Et
854 3668 890 3708 ne
904 3653 1030 3710 Hesiodus
1044 3651 1167 3723 quidem,
1190 3664 1363 3721 quamquam

247 3751 360 3821 integra
375 3751 435 3808 eius
448 3756 583 3824 poemata
597 3755 705 3823 extant,
721 3751 794 3809 talia
807 3756 927 3809 tantave
941 3752 971 3808 in
985 3751 1042 3807 illis
1058 3749 1173 3817 evolvit,
1190 3748 1291 3819 quibus
1304 3746 1364 3805 viri

247 3847 369 3904 historia
389 3848 565 3918 aliquantum
583 3849 753 3907 illustretur.
782 3849 918 3922 Magnam
939 3863 1009 3906 sane
1023 3850 1172 3905 enumerat
1185 3844 1364 3917 progeniem,

247 3944 330 4002 binos
341 3945 491 4002 dumtaxat
505 3946 679 4004 Laertiadae
691 3950 721 4004 et
737 3944 848 4004 eOirce
858 3951 889 4003 et
899 3961 915 4003 e
926 3944 1051 4018 Calypso
1062 3942 1146 4008 filios,
1158 3958 1277 4013 quarum
1287 3942 1364 3999 haec

248 4041 439 4102 Nausithoum
465 4048 495 4099 et
514 4043 701 4116 Nausinoum‚
734 4043 829 4100 altera
848 4041 971 4115 Agrium
998 4047 1028 4100 et
1047 4041 1183 4099 Latinum
1208 4036 1362 4112 peperio).

323 4256 343 4324 ¹)
356 4252 369 4308 I
377 4271 404 4324 p.
416 4256 454 4309 17.
474 4255 495 4321 ²)
507 4253 650 4323 Strategi
663 4256 688 4313 8.
708 4254 729 4324 ³)
739 4250 1024 4320 oi.Kinkel.l.c.p.73.
1044 4250 1066 4322 ⁴)
1078 4248 1369 4319 Theogonlollsqq.
