3038 5108
647 506 861 568 ..77-

198 717 339 776 existunt:
371 717 420 775 hic
445 719 521 776 enim
547 734 680 776 scaenam
707 735 769 776 esse
795 709 961 791 tragoediae
983 719 1144 792 colligimus
1165 736 1201 777 ex
1222 720 1312 779 schol.

198 815 251 874 Od.
273 813 293 872 θ
314 816 386 873 517;
413 808 475 892 ᾔδει
495 815 525 872 δὲ
545 815 594 891 τὴν
609 815 747 893 Δηιφόβου
769 815 853 875 οἰκίαν
875 815 1062 888 ὁὈδοσσειίς,
1084 816 1130 874 ὅτε
1151 815 1313 891 αὖτομολῶν

199 911 314 989 sicilia.
360 912 449 970 Valde
475 913 628 972 dolendum
654 919 711 981 est,
744 914 818 986 quod
843 915 933 987 ipsius
958 913 1072 972 fabulae
1092 913 1256 986 fragmenta
1277 915 1312 972 de

198 1011 306 1070 Nostro
327 1010 504 1083 plane'nihil
524 1012 669 1069 exhibent.
703 1010 793 1070 Velut
814 1012 890 1083 qnod
909 1011 940 1068 in
961 1012 1055 1069 Rheso
1077 1012 1113 1069 de
1129 1012 1214 1070 Ulixe
1234 1029 1312 1069 men·

199 1107 553 1168 &mmmmm

412 1203 467 1281 βίον
489 1203 510 1262 d'
533 1205 649 1264 ἐπαιτῶν
670 1206 737 1284 εἷρπ’
759 1206 874 1284 ἀγύρτης
894 1229 933 1270 τις
955 1206 1103 1284 λάτρις-

198 1318 267 1361 vere
292 1303 371 1362 istud
398 1305 429 1362 in
459 1305 513 1362 hac
536 1303 635 1363 fabula
661 1305 853 1376 spectantium
875 1305 965 1363 oculis
986 1306 1035 1364 vix
1055 1305 1232 1378 propositum
1255 1311 1312 1376 est,

198 1401 255 1459 nisi
280 1401 358 1460 forte
384 1401 500 1460 Ulixem
527 1401 602 1460 falsa
633 1404 784 1460 etiamtum
809 1420 934 1475 persona
960 1404 1090 1461 indutum
1116 1421 1134 1461 a
1158 1401 1313 1476 Deiphobo

169 1570 172 1577 Ι
199 1503 233 1556 ut
254 1499 377 1570 domino,
399 1515 483 1570 quem
504 1499 617 1569 quidem
630 1516 732 1572 pamm
746 1505 825 1558 certo
839 1501 887 1559 hic
907 1502 1046 1574 ponimus,
1068 1501 1176 1559 victum
1196 1499 1315 1573 petiisse

198 1597 406 1662 autumaveris
447 1601 480 1654 at
519 1597 579 1654 tale
617 1598 686 1668 quid
722 1599 812 1670 magis
847 1599 950 1670 opinor
983 1615 1070 1670 quam
1104 1598 1201 1655 Ionem
1235 1598 1313 1670 sapit

198 1694 375 1767 Euripidem,
398 1693 447 1765 qui
460 1694 615 1752 Eustathio
635 1700 711 1753 teste
724 1696 859 1753 nimirum
873 1697 949 1755 solus
956 1695 979 1770 ¹)
999 1695 1079 1754 illam
1095 1712 1205 1769 quoque
1219 1695 1314 1754 Ulixis

176 1848 179 1856 ,
199 1807 263 1849 cum
283 1791 406 1850 Hecuba
432 1791 651 1850 collocutionem
682 1793 717 1851 de
742 1810 793 1851 suo
819 1794 850 1850 in
870 1793 953 1851 huius
973 1795 1097 1866 periculi
1117 1793 1313 1852 narrationem

197 1889 326 1947 mm

278 1987 380 2057 Neque
411 1988 518 2045 certius
548 1988 701 2059 quicquam
732 1989 889 2062 ampliusve
915 1989 950 2047 de
981 1991 1059 2048 lonis
1090 1990 1222 2047 Laerta
1253 1996 1312 2047 sta·

199 2084 312 2142 tuerim.
355 2083 494 2158 Superest
518 2103 555 2143 ex
574 2091 636 2144 toto
658 2087 788 2144 dramate
809 2102 897 2144 unum
918 2087 1150 2160 fragmentum),
1173 2088 1248 2158 quod
1268 2088 1314 2145 his

198 2181 293 2239 verbis
314 2183 491 2256 continetur:

412 2279 448 2338 ἴθι
469 2301 515 2355 μοι
536 2279 629 2355 δόμον,
652 2280 752 2351 οἰκέτα,
773 2284 875 2359 κλῇσον
896 2280 1054 2358 ὑπόπτερος,

408 2375 446 2452 μή
466 2399 506 2440 τις
526 2376 594 2455 ἔλθῃ
615 2380 719 2455 βροτῶν
736 2413 783 2449 -,

199 2475 273 2546 quod
303 2476 460 2549 Koepkeus
491 2493 555 2533 cum
585 2475 734 2535 Welekeri
765 2483 795 2534 et
819 2476 962 2535 Urlichsii
991 2477 1094 2551 plausu
1126 2477 1163 2535 ad
1193 2477 1313 2534 ultimae

198 2572 371 2645 rhapsodiae
391 2574 530 2646 impetum
550 2575 682 2632 referunt
702 2576 738 2632 ab
753 2574 880 2647 Eupithe
901 2577 1060 2646 ceterisque
1081 2591 1234 2647 procorum
1248 2573 1314 2632 alfi-

198 2671 282 2728 nibus
302 2672 331 2728 in
352 2672 502 2745 praedium
522 2673 650 2730 Laertae
670 2678 822 2730 tentatum.
861 2672 921 2731 Ubi
942 2673 1081 2744 siquidem
1102 2689 1208 2730 scaena
1227 2671 1313 2730 iabu-

197 2768 244 2827 lae
265 2769 400 2829 instituta
420 2774 493 2835 erat,
514 2770 584 2828 satis
605 2771 695 2828 multa
717 2776 862 2828 momenta
875 2771 1007 2842 tragicae
1021 2772 1078 2828 arti
1093 2766 1242 2842 aptissima
1255 2771 1313 2827 iam

198 2867 355 2925 Homerum
380 2884 539 2941 proponere
565 2874 697 2940 apparet.
733 2869 886 2954 Habemus¹
905 2869 980 2927 enim
1000 2885 1096 2927 senem
1116 2885 1259 2927 morosum
1278 2885 1313 2926 ac

202 2963 237 3020 de
257 2962 371 3037 funesta
390 2965 489 3024 dilecti
509 2965 562 3024 filii
582 2972 660 3024 sorte
679 2967 905 3038 maestissimum,
929 2967 978 3038 qui
992 2967 1125 3040 deposita
1137 2971 1218 3025 veste
1231 2967 1313 3038 regia

199 3060 225 3118 si
245 3076 302 3117 non
323 3062 443 3134 Telephi
463 3063 574 3133 similis,
596 3068 627 3122 at
648 3065 727 3122 cultu
747 3069 824 3123 certe
839 3065 951 3136 agresti
964 3071 1082 3124 omatus
1097 3068 1153 3134 est3
1174 3065 1313 3123 habemus

198 3155 323 3216 flebilem
344 3160 437 3232 patris
457 3166 487 3219 et
506 3161 560 3219 filii
581 3164 770 3234 agnitionem3
796 3164 934 3223 habemus
954 3163 1127 3222 acerrimum
1148 3162 1311 3225 discrimen,

198 3255 247 3313 ubi
272 3256 431 3327 periculum
452 3263 509 3331 est,
541 3276 577 3318 ne
598 3260 690 3331 prima
709 3260 824 3319 reducis
848 3262 904 3319 viri
925 3261 1040 3319 laetitia
1059 3262 1096 3318 ab
1117 3251 1245 3318 hostibus
1267 3259 1312 3314 in-

198 3353 288 3413 ternis
309 3354 452 3422 delectum
473 3356 612 3416 habemus
633 3358 755 3430 denique
774 3358 860 3416 Jovis
880 3359 977 3416 filiam·
990 3359 1026 3416 de
1039 3357 1161 3415 nubibus
1175 3357 1311 3426 oblatam,

197 3465 272 3521 quae
299 3451 435 3526 „dignum
460 3454 573 3513 vindice
593 3455 716 3513 nodum“
740 3456 885 3515 discindit.
930 3455 1010 3529 Quas
1030 3471 1077 3512 res
1097 3469 1165 3512 vere
1186 3454 1312 3526 tragicas

197 3564 265 3607 num
285 3548 374 3609 Chius
394 3557 483 3623 poeta
502 3552 533 3610 in
553 3570 634 3611 suam
654 3552 780 3612 fabulam
801 3553 984 3623 converterit,
1005 3552 1083 3611 nullo
1098 3551 1213 3625 quidem
1228 3551 1312 3608 testi-

198 3647 292 3705 monio
323 3647 478 3715 firmatur
499 3649 550 3708 sed
569 3649 667 3709 Ulixis
692 3657 793 3723 partes
812 3666 963 3723 moresque
984 3650 1098 3708 etiamsi
1122 3648 1223 3707 eadem
1244 3648 1312 3705 oali-

197 3743 262 3816 gine
282 3745 424 3818 velantur,
446 3747 554 3806 similes
574 3747 663 3807 fuisse
683 3748 845 3807 Homericis
864 3764 1033 3820 persuasum
1052 3747 1152 3805 habeo.

279 3843 437 3902 Praeterea
446 3845 626 3905 Ithacensem
636 3846 729 3905 virum
740 3847 770 3905 in
780 3846 927 3914 Teucro,
939 3850 971 3903 ut
976 3844 1151 3904 Ribbeckius
1162 3841 1312 3916 ostendid)

198 4039 410 4050 *—

269 4155 290 4223 ¹)
309 4170 337 4224 p.
358 4155 470 4225 1495,5.
525 4155 546 4224 ²)
575 4153 608 4213 ir.
634 4158 674 4210 14.
693 4153 764 4210 ch.
819 4153 840 4223 ³)
870 4152 951 4221 Trag.
976 4153 1054 4210 Rom.
1078 4167 1106 4221 p.
1124 4152 1184 4230 375.
