3038 5108
642 487 864 550 ..10-

194 699 290 769 potius
311 697 494 756 concordiam
515 697 615 755 deberi
629 697 748 769 conicit3
769 697 800 754 id
819 697 894 768 quod
908 714 942 756 eo
957 697 1051 770 magis
1072 703 1117 754 est
1139 696 1320 763 mirandum,

195 796 262 866 qnia
281 794 466 853 Palamedem
491 796 554 866 ipse
579 794 622 854 vir
647 793 894 866 ingeniosissimus
919 796 1005 866 paulo
1036 800 1102 866 post
1121 794 1152 851 in
1178 797 1319 851 extremo

195 891 309 949 demum
330 891 456 949 carmine
476 891 584 963 primas
604 891 699 963 egisse
719 888 879 965 affirmat.¹)
900 890 1022 948 Accedit
1042 891 1137 947 altera
1157 890 1209 947 illa
1229 891 1316 948 ratio

195 989 253 1045 iam
268 1005 354 1060 supra
368 988 498 1045 adbibita
511 992 542 1046 et
555 1005 574 1045 a
586 987 740 1046 Welchero
754 987 816 1059 ipso
837 987 911 1045 alias
930 988 1061 1059 graviter
1080 986 1213 1060 pressa2),
1237 986 1321 1056 quod

195 1085 368 1157 Sophoclem
394 1085 431 1142 ab
458 1085 603 1157 epicorum
629 1085 787 1142 carminum
818 1085 957 1157 exemplis
989 1084 1044 1141 nisi
1081 1087 1161 1141 certa
1187 1082 1319 1154 quadam

196 1199 283 1241 causa
302 1176 488 1255 permotum)
509 1198 600 1253 paene
621 1182 692 1238 nihil
713 1180 863 1239 deflexisse
884 1184 1008 1239 constat:
1035 1181 1129 1250 quisi
1150 1179 1320 1238 Palamedis

195 1278 431 1337 intercessionem
451 1277 528 1350 apud
548 1276 694 1336 Stasimum
714 1279 879 1349 invenisset,
900 1294 1010 1348 vereor,
1037 1282 1070 1334 ut
1089 1278 1121 1334 in
1140 1266 1241 1335 fabula
1261 1292 1321 1335 sua

195 1375 352 1434 discordias
378 1378 594 1446 componentem
617 1373 734 1433 Ulixem
759 1374 890 1433 facturus
910 1375 1009 1434 fuerit.
1050 1374 1129 1432 Huic
1149 1374 1247 1446 igitur,
1283 1373 1320 1430 id

200 1472 274 1543 quod
295 1472 402 1544 optime
421 1471 537 1543 meruit,
560 1476 696 1543 tanquam
716 1473 831 1529 restitui
851 1472 947 1531 velim.

277 1568 335 1628 Sed
362 1569 421 1627 alia
446 1569 535 1626 etiam
566 1585 598 1626 re
625 1572 799 1640 perpetrata
826 1569 885 1626 mm
915 1569 947 1626 in
978 1567 1093 1640 Cypriis
1122 1568 1186 1625 laus
1214 1565 1323 1624 Nostri

196 1664 397 1739 amplificatur.
440 1667 474 1722 In
494 1665 545 1722 illa
566 1665 641 1723 enim
666 1682 738 1723 cena
761 1665 889 1723 Tenedia
914 1664 1143 1723 Philoctetes
1172 1669 1231 1721 tam
1253 1663 1320 1720 acri

195 1765 313 1836 viperae
339 1764 399 1820 ictu
424 1764 606 1832 vulneratur,
638 1765 671 1818 ut
700 1763 731 1819 in
754 1763 862 1820 Lemno
895 1763 989 1820 insula
1013 1761 1117 1820 deinde
1141 1761 1176 1818 ob
1200 1759 1320 1818 foedum

195 1861 301 1918 ulceris
333 1860 450 1917 odorem
480 1860 573 1917 virum
604 1859 776 1929 relinquant.
823 1857 951 1932 Quocum
983 1861 1130 1932 conspirat
1156 1859 1225 1916 Ilias
1256 1875 1319 1916 non

194 1958 287 2016 solum
309 1957 345 2015 de
363 1957 481 2030 reipsa,
501 1956 553 2014 sed
568 1955 604 2013 de
617 1959 727 2014 secreto
741 1957 828 2013 etiam
841 1955 932 2013 saucii
945 1956 1002 2013 viri
1016 1955 1202 2030 domicilio⁴):
1224 1971 1315 2012 unam

194 2071 262 2113 vero
289 2055 364 2112 hanc
389 2055 461 2112 satis
488 2052 587 2125 magui
611 2053 748 2110 momenti
773 2052 973 2112 diversitatem
994 2053 1123 2110 carmina
1144 2053 1316 2125 admittunt,

195 2151 272 2223 quod
281 2152 313 2209 in
324 2149 442 2224 Cypriis
455 2151 571 2209 Tenedo
584 2150 779 2207 Philoctetam
793 2149 898 2208 Graeci
911 2149 1052 2208 Lemnum
1065 2151 1267 2221 transvehunt,
1280 2151 1316 2208 in

195 2249 287 2308 iliade
308 2255 406 2307 autem
420 2250 537 2307 ubinam
549 2249 651 2320 vipera
667 2247 834 2306 Poeantium
848 2249 966 2305 heroem
987 2247 1072 2305 dente
1093 2247 1221 2317 laeserit,
1244 2263 1317 2305 nus-

197 2363 283 2417 quam
304 2352 405 2418 aperte
426 2346 569 2404 docemur.
602 2345 794 2402 Nihilominus
810 2345 841 2401 in
855 2346 965 2403 Lenmo
985 2345 1049 2417 ipsa
1064 2344 1140 2416 apud
1155 2345 1318 2402 Homerum

196 2444 269 2502 illud
290 2444 428 2502 accidisse
448 2443 515 2502 inde
540 2444 636 2516 colligi
662 2443 785 2514 poterit,
811 2442 886 2512 quod
910 2440 1018 2500 Graeci
1038 2441 1157 2500 Troiam
1181 2444 1318 2513 petentes

196 2542 265 2599 illuc
282 2558 318 2599 ex
328 2543 433 2599 itinere
447 2541 598 2613 appellunt
619 2540 715 2610 ibique
735 2540 936 2598 liberalissimo
951 2539 1076 2611 hospitio
1097 2534 1318 2612 excipiuntur).

195 2639 255 2698 Ubi
266 2638 291 2696 si
299 2638 478 2696 Philoctetes
489 2637 608 2695 relictus
619 2641 673 2708 est,
684 2637 734 2694 vix
744 2637 802 2694 ullo
814 2636 925 2694 consihi
936 2640 1054 2694 auctore
1064 2652 1136 2708 opus
1146 2637 1211 2705 fuit,
1223 2636 1318 2693 omni-

197 2737 252 2792 bus
265 2734 341 2792 haud
355 2733 441 2792 dubie
456 2740 486 2792 et
499 2735 616 2807 regibus
631 2738 662 2791 et
675 2733 813 2791 militibus
826 2733 951 2791 volneris
965 2737 1084 2804 aspectu
1097 2737 1127 2791 et
1139 2731 1251 2791 foetore
1265 2733 1317 2791 de·

197 2833 299 2904 pulsis.
342 2831 411 2890 Alia
431 2847 500 2889 vero
521 2830 551 2888 in
566 2830 681 2903 Cypriis
694 2830 770 2888 ratio
786 2835 849 2888 erat
863 2829 978 2888 Tenedo
1000 2830 1057 2888 viri
1070 2830 1101 2887 in
1116 2830 1202 2887 aliam
1217 2830 1318 2889 deser·

198 2935 313 3000 tamque
334 2929 456 2986 insulam
477 2928 620 3000 portandi.
663 2927 744 2998 Quod
764 2928 828 2998 quis
842 2927 871 2984 in
885 2928 1010 2985 animum
1024 2927 1185 2984 induxisset
1198 2931 1317 2998 umque

198 3026 333 3083 miserum
347 3026 491 3084 homiuem
506 3025 636 3083 consulto
651 3025 733 3095 quasi
747 3025 777 3082 in
792 3025 909 3082 exilium
923 3025 1090 3096 relegasset,
1110 3024 1166 3082 nisi
1177 3025 1316 3097 princeps

199 3122 316 3193 quidam
336 3123 438 3180 salutis
459 3123 584 3180 omnium
605 3122 748 3180 studiosus
769 3122 928 3194 prodiisset
955 3122 1089 3194 aliisque,
1122 3126 1155 3179 ut
1179 3121 1318 3179 tollerent

200 3236 377 3278 communem
407 3225 527 3293 pestem,
559 3218 770 3291 persuasisset⁶.>
810 3218 850 3275 Et
876 3234 1025 3289 quemnam
1050 3219 1138 3275 alium
1165 3219 1225 3275 tale
1246 3208 1327 3289 quid

199 3322 230 3375 et
250 3317 393 3377 invenisse
419 3322 450 3375 et
474 3317 658 3390 proposuisse
684 3314 832 3374 consilium
862 3320 949 3386 putas
974 3316 1029 3373 nisi
1049 3314 1176 3384 Ulixem,
1210 3315 1269 3384 qui'
1292 3315 1319 3373 si

198 3415 292 3472 minus
327 3415 449 3472 Euboici
485 3413 604 3472 artificis
628 3414 722 3471 instar
745 3412 869 3470 inventis
895 3412 925 3468 iu
955 3412 1032 3470 vitae
1057 3428 1138 3470 usum
1162 3409 1320 3470 fructuosis

199 3511 341 3584 splendet,
367 3517 399 3568 at
420 3516 524 3569 conata
544 3515 623 3568 certe
644 3516 675 3567 et
695 3510 815 3567 consilia
835 3525 1035 3580 nonnunquam
1060 3509 1167 3578 dolosa,
1199 3508 1319 3580 saepius

200 3615 297 3668 tamen
319 3609 508 3668 saluberrima
527 3607 674 3665 instituit⁶.>
716 3606 798 3678 Quid,
830 3606 906 3679 quod
930 3607 1039 3679 posteri
1061 3607 1216 3678 scriptores
1234 3606 1320 3666 Ulixi

199 3706 257 3777 ipsi
268 3706 468 3764 crudelitatem
481 3705 512 3762 in
523 3704 704 3763 Philoctetae
718 3704 850 3762 miserias
864 3703 1021 3762 adhibitam
1035 3703 1152 3762 disertis
1166 3710 1197 3762 et
1208 3705 1319 3763 atroci-

199 3803 252 3862 bus
275 3803 419 3861 interdum
439 3802 536 3862 verbis
556 3802 693 3873 obiciunt,
715 3800 818 3872 quibus
838 3806 936 3859 tamen
957 3800 1094 3859 conviciis
1114 3801 1200 3872 longe
1221 3803 1321 3874 magis

199 3901 255 3958 hoc
276 3915 407 3974 premere
428 3900 537 3971 deceat,
564 3899 640 3970 quod
660 3899 723 3971 ipse
736 3898 909 3957 Laertiades
929 3903 959 3956 et
978 3898 1009 3955 in
1029 3896 1117 3970 Sopb.
1139 3896 1264 3955 Philoct.
1288 3902 1321 3960 5.

273 4122 294 4190 ¹)
314 4119 391 4191 Gyol.
406 4137 433 4190 p.
446 4121 504 4176 108.
541 4122 563 4189 ²)
578 4118 659 4188 Trag.
670 4119 683 4174 l
696 4137 723 4190 p.
735 4122 777 4176 91.
815 4119 837 4188 ⁸)
850 4136 876 4178 v.
887 4135 910 4175 c.
923 4118 953 4173 in
962 4118 1127 4186 Philocteta,
1146 4115 1179 4175 ci.
1191 4132 1252 4187 cap.
1263 4117 1320 4179 III.

200 4207 335 4277 ⁴)an
355 4225 417 4279 sqq.
454 4208 475 4278 ὁ)
496 4206 516 4262 Θ
536 4209 589 4263 230
607 4223 668 4278 sqq.
