3038 5108
705 466 924 530 ..23-

260 679 308 737 Ilii
329 679 434 744 Persis,
457 679 578 749 denique
599 678 685 738 Nosti
705 679 916 750 continuantur,
939 679 981 736 sie
1000 678 1166 752 Odyssean,
1189 679 1268 737 cuius
1289 695 1379 752 argn-

259 781 385 832 mentum
407 775 562 848 peculiaris
575 775 707 833 nimirum
728 792 796 847 pars
810 776 967 835 Nostorum
987 776 1120 847 intellegi
1139 780 1244 847 potest,
1264 779 1380 843 liugan-

259 873 343 930 mouis
373 888 475 946 poema
505 873 698 945 subsequitur.
740 872 823 946 Quod
850 889 1020 945 quamquam
1046 874 1081 930 ab
1103 873 1198 932 Ulixis
1224 878 1253 931 et
1273 871 1380 931 Circes

258 970 319 1027 filio
340 986 443 1028 nomen
462 969 628 1036 'lelcgoniam
652 970 740 1040 duxit,
774 971 882 1042 primas
906 974 1002 1028 tamen
1033 970 1080 1026 hic
1104 969 1137 1026 in
1157 969 1285 1042 Odyssea
1309 971 1380 1041 ipsa

261 1067 434 1125 Laertiades
464 1071 569 1124 tenere.
593 1067 665 1124 mihi
696 1067 822 1133 videtur,
854 1067 915 1125 filio
947 1068 998 1124 illo
1031 1067 1061 1124 in
1090 1064 1205 1124 fabulae
1230 1066 1379 1124 Troianae

259 1165 438 1236 complexum
468 1164 573 1222 leviter
603 1165 718 1222 inserto.
774 1164 874 1222 Procis
906 1165 982 1221 enim
1012 1163 1171 1222 interiectis
1198 1168 1227 1222 et
1264 1181 1282 1221 a
1313 1164 1379 1222 suis

258 1260 380 1333 sepultis
418 1260 519 1319 Ulixes
558 1265 709 1333 postquam
748 1261 881 1334 nymphis
927 1259 1112 1328 sacrificavit,
1149 1262 1234 1318 boum
1272 1278 1379 1334 greges

259 1362 407 1429 aspectum
427 1357 535 1415 Elida
565 1359 675 1431 petit,
705 1358 756 1416 ubi
782 1375 800 1415 a
826 1374 895 1430 rege
915 1358 1073 1416 Philoxeno
1094 1358 1217 1430 benigne
1237 1364 1380 1430 receptus

258 1455 387 1526 pretiosa
409 1460 514 1527 patera
533 1456 664 1514 donatur.
709 1457 786 1527 Quas
805 1472 862 1525 res,
884 1460 1021 1527 quantum
1034 1456 1099 1514 fieri
1112 1459 1215 1529 potest,
1237 1455 1379 1514 Welcke-

258 1568 307 1610 rus
329 1568 393 1610 cum
412 1552 581 1623 quibusdam
595 1551 741 1624 Odysseae
762 1554 937 1625 argumentis
958 1554 1100 1626 sagaciter
1120 1551 1301 1626 coniungit¹),
1322 1552 1379 1610 sed

260 1642 415 1706 lenissimis
446 1649 571 1707 vincrdis
601 1649 656 1708 hoc
686 1650 749 1707 loeo
775 1650 933 1722 Odysseam
961 1657 992 1708 et
1015 1649 1203 1721 Telegoniam
1234 1649 1311 1706 inter
1343 1664 1379 1707 se

258 1745 400 1802 contineri
420 1746 483 1817 ipse
504 1745 585 1811 dicit,
610 1747 689 1804 velut
715 1762 750 1803 ne
772 1762 859 1803 causa
880 1746 994 1817 quidem
1015 1744 1206 1818 expeditionis
1227 1745 1380 1802 enucleari

257 1846 361 1912 potest.
404 1843 495 1901 Brevi
517 1848 615 1901 tamen
634 1847 701 1914 post
721 1844 876 1900 revertitur
901 1842 1014 1908 Ulixes.
1046 1847 1134 1913 atque
1164 1845 1233 1899 tunc
1259 1840 1379 1912 quidem

259 1939 382 1996 alterum
417 1939 479 1997 eius
514 1944 544 1997 et
578 1939 739 2011 Penelopae
773 1937 862 1997 filium
898 1940 977 1997 nasci
1011 1939 1176 2007 statuerim,
1217 1939 1264 1996 cui
1297 1943 1381 1996 teste

260 2032 439 2110 Eustathiol)
474 2052 574 2093 nomen
610 2036 816 2094 Arcesilaus
850 2037 967 2094 inditur.
1016 2036 1108 2109 Quem
1143 2035 1261 2093 eundem
1301 2049 1379 2102 esse,

259 2149 343 2203 quem
364 2133 393 2190 in
414 2132 607 2205 Thesprotide
627 2133 680 2191 illa
701 2132 862 2208 ἐπανήκοντι
884 2133 916 2192 ἐκ
936 2131 1036 2210 Τροίας
1051 2131 1179 2192 Ὀδυσσεῖ
1205 2134 1293 2190 τεκεῖν
1323 2131 1379 2206 τὴν

259 2228 420 2305 Πηνελόπην
453 2230 612 2288 Pausanias
646 2235 771 2289 testatur
782 2229 821 2305 ³),
856 2230 886 2286 in
920 2230 1073 2302 propatulo
1109 2235 1165 2300 est,
1201 2244 1379 2300 quamquam
1475 2271 1481 2284 .

258 2327 428 2386 Welckerus
442 2329 637 2402 Thesprotida
658 2335 688 2389 et
702 2328 887 2400 Telegoniam
908 2327 1043 2385 confundi
1064 2328 1223 2386 rectissime
1243 2323 1376 2401 vetuit⁴).

340 2427 435 2497 Atque
449 2428 550 2486 Ulixes
564 2427 726 2508 ithacam
744 2424 854 2482 redux
867 2424 1057 2482 sacrificia
1071 2441 1089 2481 a
1103 2423 1217 2482 Tiresia
1230 2423 1378 2494 quondam

213 2592 216 2599 Ι
259 2519 441 2599 praeceptas)
462 2529 664 2597 perpetrat,
685 2540 742 2595 qua
762 2525 791 2581 in
811 2541 844 2581 re
865 2523 966 2580 miram
991 2527 1021 2579 et
1042 2522 1192 2580 obscuram
1211 2537 1275 2578 cum
1296 2521 1380 2579 vatis

259 2619 392 2677 Thebani
414 2619 493 2678 iussu
515 2621 741 2693 ffiscrepantiam
762 2637 907 2692 premere,
940 2636 997 2677 non
1018 2619 1180 2677 temerariis
1201 2618 1380 2676 coniecturis

261 2717 398 2788 expedire
424 2717 515 2776 decet.
557 2718 651 2774 Multo
672 2717 764 2790 magis
796 2717 883 2774 etiam
914 2717 1031 2789 mythus
1053 2733 1101 2785 ea,
1133 2731 1206 2787 quae
1233 2715 1378 2786 sequitur,

261 2813 395 2871 carminis
425 2820 510 2886 parte
545 2812 746 2885 amplificatur.
787 2813 888 2872 Ulixes
909 2813 983 2871 enim
1011 2813 1125 2870 denuo
1151 2812 1278 2870 Ithaca
1298 2828 1381 2884 pro·

259 2908 373 2967 fectus
404 2910 448 2968 ad
477 2910 704 2982 Thesprotos·
727 2910 892 2982 pervenit
922 2914 951 2966 et
988 2908 1202 2967 Callidieam
1231 2925 1381 2967 uxorem

259 3005 361 3063 ducit
397 3006 623 3078 Thesprotorum
662 3008 801 3079 reginam.
853 3007 944 3077 Quam
985 3006 1130 3063 nationem
1165 3021 1219 3075 quo
1254 3005 1381 3064 consilio

261 3101 366 3159 duetus
386 3106 480 3173 petat,
508 3119 525 3159 a
546 3104 648 3162 Proclo
670 3103 785 3174 quidem
806 3119 863 3160 non
883 3103 1017 3160 doeemur
1038 3118 1092 3160 nec
1113 3102 1237 3159 discerni
1256 3103 1379 3174 poterit,

259 3214 381 3270 numque
413 3200 475 3256 iure
505 3199 704 3276 Welckerus)
736 3202 810 3258 hanc
841 3199 1051 3270 expeditionem
1082 3198 1119 3257 ad
1150 3198 1221 3256 illud
1244 3197 1381 3258 Tiresiae

259 3295 289 3352 in
322 3295 451 3370 Odyssea
488 3302 673 3371 praeceptum
713 3296 906 3356 revocaverit.
966 3297 1243 3368 Thesprotorum
1284 3294 1381 3368 igitur

258 3408 368 3463 regno
399 3395 538 3466 potitus
570 3410 669 3452 eorum
698 3394 820 3466 proinde
851 3394 920 3451 dux
950 3394 985 3451 in
1016 3393 1153 3465 Brygos
1184 3393 1381 3465 progreditur.

259 3489 320 3560 Quo
345 3490 376 3548 in
400 3492 475 3550 bello
502 3492 614 3564 proelia
643 3492 672 3549 in
694 3491 822 3549 Troiana
841 3491 963 3563 planitie
989 3491 1141 3549 commissa
1165 3490 1272 3548 Nostro
1294 3491 1382 3560 quasi

258 3587 498 3660 redintegrantur.
539 3586 613 3646 Nam
634 3588 708 3647 sieut
735 3588 812 3660 apud
840 3589 997 3646 Homerum
1017 3587 1175 3646 caelicolae
1202 3586 1381 3646 descendere

260 3687 291 3740 et
318 3684 392 3741 alius
422 3685 504 3742 heroi
531 3685 583 3742 alii
610 3685 754 3758 propitius
784 3686 814 3741 in
841 3684 982 3743 acerrima
1010 3700 1121 3755 quaque
1144 3700 1241 3758 pugna
1267 3685 1381 3757 primas

258 3796 362 3853 gerere
392 3781 497 3850 solent,
531 3781 574 3838 ita
607 3782 655 3839 hic
686 3798 798 3853 quoque
832 3782 913 3838 Mars
945 3786 975 3838 et
1008 3780 1141 3839 Minerva
1171 3780 1281 3854 proelio
1313 3797 1382 3841 sese

259 3877 433 3945 immiscent,
469 3876 524 3935 dea
555 3879 667 3936 scilieet
703 3879 860 3937 etiamtunc
892 3878 973 3937 Ulixi
1007 3894 1194 3950 propugnans
1224 3894 1259 3936 ac
1289 3879 1382 3939 bene-

258 3984 491 4084 -O—l—c-p.
516 4018 567 4072 302
593 4032 655 4088 sqq.
692 4020 716 4086 ²)
735 4033 763 4087 p.
788 4018 865 4086 1796,
889 4016 937 4083 45;
964 4015 998 4072 ei.
1020 4015 1148 4071 Welcker
1166 4015 1185 4072 l.
1210 4032 1233 4072 e.
1257 4033 1285 4088 p.
1311 4018 1381 4086 5453

258 4094 362 4152 Kinlel
380 4112 407 4166 p.
426 4096 470 4150 58.
524 4095 545 4164 ⁸)
564 4095 627 4151 Vlll
648 4099 688 4166 12,
707 4098 732 4152 5.
787 4097 809 4164 ⁴)
829 4096 847 4151 1.
866 4111 889 4151 e.
908 4095 934 4149 1¹
952 4111 979 4166 p.
999 4097 1048 4150 291
1069 4112 1111 4166 sq.
1167 4096 1188 4165 5)
1208 4096 1225 4148 λ
1246 4098 1296 4152 119
1316 4113 1381 4170 sqq.

259 4174 546 4246 1)1.ο.112ρ.306.
