3038 5108
698 418 919 482 ..33-

248 627 324 691 lides
351 626 424 685 illud
452 631 578 699 propter
610 627 726 699 plenum
758 642 823 684 cum
847 625 968 684 Pindari
1000 625 1171 684 narratione
1200 641 1382 686 consensum

248 721 389 797 megae).
450 723 509 782 Sed
555 723 604 781 vel
649 723 704 780 hoc
749 723 821 781 satis
860 738 995 794 maguam
1035 728 1133 780 movet
1171 723 1375 785 mirationem.

250 820 394 879 Pindarus
422 820 499 878 enim
526 820 558 877 in
584 819 765 891 respicienda
788 819 842 876 bac
872 816 971 877 fabule
997 818 1183 878 brevissimus
1208 819 1379 879 Hieronem

251 923 405 989 aegrotum
430 917 613 975 nihilominus
638 920 739 974 conus
764 916 861 974 hostes
891 915 1090 988 proiecturum
1120 931 1184 974 cum
1202 914 1382 976 Philocteta

250 1019 414 1085 comparat:
445 1013 518 1071 nihil
545 1029 615 1071 vero
645 1013 682 1072 de
708 1013 820 1071 Heleno
846 1013 941 1080 addit,
972 1013 1046 1071 nihil
1078 1012 1211 1072 devotis
1241 1015 1379 1072 oraculo.

251 1111 334 1183 Quae
355 1126 420 1168 cum
439 1126 559 1181 prorsus
583 1109 712 1181 omittat,
746 1125 815 1166 num
834 1110 889 1168 hoc
908 1110 973 1168 loco
1000 1110 1036 1168 de
1056 1109 1230 1182 Bacchylide
1257 1111 1381 1184 cogita·

242 1208 325 1265 serit
348 1223 448 1266 eumve
475 1212 622 1265 auctorem
642 1211 757 1265 secutus
777 1207 830 1272 sit,
857 1204 1029 1264 addubitare
1049 1218 1135 1277 quem
1165 1209 1290 1279 probare
1312 1223 1378 1265 ma·

249 1304 371 1371 luerim;
397 1305 446 1362 vix
466 1305 542 1363 enim
563 1304 711 1375 qumquam
732 1303 900 1376 ostenderit,
921 1302 1065 1375 quodnam
1084 1303 1232 1376 peculiare
1252 1301 1378 1362 fabulae

253 1407 455 1472 argumentum
485 1400 558 1458 alias
588 1416 647 1456 non
677 1402 866 1457 memoratum
897 1398 974 1472 apud
994 1405 1097 1471 poetas
1122 1399 1202 1469 illos,
1236 1398 1380 1473 Bacchy-

254 1496 341 1554 lidem
362 1503 394 1554 et
413 1495 582 1565 Pindarum,
604 1496 775 1567 inveniatur,
797 1497 969 1567 praesertim
992 1511 1057 1553 oum
1076 1511 1113 1553 ne
1132 1495 1168 1553 de
1188 1496 1225 1554 iis
1245 1496 1379 1567 quidem,

255 1593 358 1664 quibus
389 1592 447 1650 viri
474 1591 633 1650 deducendi
664 1607 734 1649 eura
759 1592 832 1650 alias
851 1592 1020 1662 mandatur,
1051 1591 1178 1650 Pindaro
1208 1582 1382 1652 accuratius

255 1689 408 1760 quiequam
428 1687 620 1762 Bacchylides
646 1693 774 1747 monem:
807 1689 855 1747 hic
880 1690 994 1760 legatos
1025 1693 1129 1761 aperta
1149 1689 1309 1757 mentione,
1344 1695 1382 1747 ut

255 1785 384 1854 videtur,
416 1801 474 1842 non
493 1785 596 1856 dignos
616 1785 779 1853 existimat;
809 1785 861 1844 ille
886 1787 989 1844 missos
1019 1790 1098 1844 certe
1118 1784 1213 1862 ἥρωας
1232 1783 1382 1850 ἀντιθέους

256 1881 342 1954 dicit,
373 1881 533 1940 nominibus
563 1898 620 1940 non
650 1881 756 1940 additis
789 1881 842 1957 (oi.
868 1899 896 1954 p.
925 1882 999 1957 42),
1045 1882 1250 1941 Manifestiora
1273 1889 1381 1942 tamen

256 1976 372 2036 fabulae
393 1977 540 2036 Troianae
566 1979 692 2050 vestigia
711 1978 743 2035 ia
762 1978 907 2037 nonnullis
932 1979 1062 2037 incertae
1083 1978 1160 2037 sedis
1181 1977 1381 2050 fragminibus

256 2073 451 2145 reperiuntur.
503 2074 647 2146 Imprimis
677 2074 714 2134 ir.
736 2075 785 2135 29.
816 2074 964 2147 amplioris
984 2075 1163 2134 Cassandrae
1197 2075 1233 2133 de
1264 2075 1379 2134 Troiae

258 2170 371 2230 excidio
391 2169 604 2229 vaticinationis
625 2171 768 2242 particula
786 2175 839 2242 est,
862 2171 898 2228 de
918 2187 975 2241 qua
994 2172 1026 2228 in
1038 2171 1154 2230 Ulixem
1174 2170 1286 2242 aliquid
1304 2171 1381 2230 hinc

257 2264 384 2325 fortasse
420 2266 591 2336 efficiamus,
622 2267 699 2337 quod
729 2267 868 2325 Horatius
897 2268 929 2325 iu
960 2269 1087 2326 carmine
1117 2267 1156 2325 ad
1187 2267 1381 2340 Bacchylidis

259 2363 463 2421 auctoritatem
487 2363 644 2435 composito
676 2379 842 2435 expressam
866 2363 961 2424 Ulixis
991 2364 1166 2422 mentionem
1195 2365 1271 2423 hauc
1300 2362 1381 2424 facit

260 2457 520 2530 Garm.115,21
543 2476 587 2530 sq:

476 2555 558 2624 ,Non
578 2555 763 2626 Laertiaden,
785 2555 905 2614 exitium
925 2561 993 2614 tuae

490 2650 587 2720 Genti,
609 2669 665 2709 non
686 2652 802 2725 Pylium
822 2652 948 2711 Nestora
968 2651 1127 2725 respicis‘?“
1151 2686 1188 2698 -

257 2747 362 2819 quibus
382 2748 479 2806 verbis
492 2747 613 2819 Nereus,
634 2749 684 2819 qui
704 2748 782 2821 apud
800 2749 957 2807 Horatium
976 2748 1157 2810 Cassandrae
1178 2750 1261 2822 quasi
1282 2751 1379 2810 vicem

256 2851 347 2914 tenet,
358 2846 490 2904 Helenae
500 2862 564 2904 cum
577 2845 747 2905 Alexandro
762 2847 881 2906 Troiam
895 2845 1101 2920 proficiscentis
1111 2849 1202 2906 menti
1214 2848 1274 2905 iam
1285 2853 1379 2908 autea

255 2941 376 3001 Danaos
407 2942 489 3001 brevi
508 2948 575 3015 post
595 2943 695 3002 eodem
722 2944 908 3016 navigaturos
928 2960 1106 3016 poenamque
1126 2945 1244 3004 sceleris
1262 2945 1378 3018 repeti·

256 3045 336 3098 turos
369 3039 513 3111 proponit
555 3037 668 3097 Scaena
696 3040 789 3112 igitur
818 3044 930 3098 mumta
959 3039 1024 3098 fieri
1055 3056 1112 3100 non
1142 3046 1273 3115 poterat,
1304 3043 1378 3113 quin

257 3134 353 3194 Ulixis
388 3136 478 3193 etiam
507 3136 615 3194 mentio
648 3136 732 3208 louge
766 3136 853 3194 aliter
891 3136 1107 3204 institueretun
1139 3138 1254 3197 omnino
1274 3144 1377 3197 mmen

246 3231 392 3304 ⁴quicquid
421 3232 482 3291 eius
517 3232 663 3291 calliditas
693 3233 725 3291 ia
749 3233 797 3291 llii
823 3233 979 3305 perniciem
1010 3234 1148 3293 molitura
1172 3240 1264 3306 esset,
1296 3235 1377 3308 apud

257 3328 463 3403 Bacchylidem
485 3345 596 3400 quoque
620 3329 811 3388 Cassandram
830 3330 1049 3402 praenuntiasse
1069 3331 1226 3390 verisimile
1247 3336 1300 3389 est.

340 3425 466 3486 Obstant
494 3427 620 3498 numeri,
653 3427 804 3499 quominus
824 3426 861 3484 ad
881 3425 958 3485 idem
979 3443 1095 3486 carmen
1124 3428 1181 3486 hoc
1213 3427 1380 3487 referamus

257 3519 293 3594 ir.
314 3521 369 3580 inc.
392 3523 438 3581 38.
460 3522 533 3595 Bglu

467 3617 654 3693 μελαγκευθὲς
674 3617 787 3676 εἴδωλον
813 3617 933 3696 ἀνδρὸς
955 3618 1164 3696 Ἰθακησίου.

258 3712 369 3774 Veram
388 3714 465 3774 baud
484 3716 569 3774 dubie
589 3712 743 3775 lectionem
757 3716 943 3791 μελαγκευθὲς
963 3719 1073 3791 primus
1096 3718 1227 3778 restituit
1245 3718 1374 3791 Neneus,

258 3811 445 3883 reliquiarum
458 3811 642 3884 Bacchylidis
654 3811 758 3882 editor,
773 3813 822 3884 qui
835 3830 900 3871 cum
909 3815 1078 3874 vocabulum
1087 3814 1161 3873 sslsd
1176 3815 1274 3887 ,pulla
1293 3830 1376 3872 men-

260 3908 317 3967 dici
337 3912 418 3968 veste
439 3913 589 3966 ornatum*
622 3908 870 3987 interpretetufl),
904 3911 939 3970 de
960 3912 1047 3971 Ulixe
1068 3913 1173 3971 Troiae
1192 3912 1378 3987 speculatore

332 4041 352 4108 ¹)
371 4037 404 4095 fr.
425 4041 466 4094 16.
485 4036 567 4106 Egla
586 4038 667 4109 ταύτῃ
687 4041 719 4110 τῇ
732 4031 828 4114 inopis
846 4038 888 4094 καὶ
900 4037 1063 4112 Βακχυλίδης
1085 4044 1345 4114 stupetactus

331 4117 353 4186 ²)
371 4117 401 4172 in
418 4117 519 4173 Bacch.
537 4132 565 4187 p.
585 4117 629 4174 58.
