3038 5108
641 408 864 485 ¹..34-

195 630 363 689 coninnctus
392 635 444 689 est
497 629 575 688 Prae
607 631 712 689 ceteris
738 630 934 689 testimonium
954 646 1117 704 premamus
1137 631 1327 703 aliquotiens

195 727 360 800 repetitum,
386 726 540 785 secundnm
561 727 637 799 quod
658 727 776 787 Ulixis
797 743 938 786 errores
959 729 1000 785 ab
1020 727 1176 786 Hesiodo
1197 729 1325 801 primo

195 825 231 881 in
264 822 414 882 Siciliae
449 828 483 882 et
516 824 651 882 Italiae
684 824 892 897 regionibus
932 825 1090 896 marique
1124 825 1325 898 Tyrrheno

196 920 369 980 collocati
389 920 460 978 sint:
483 920 538 979 hoc
552 921 629 978 enim
642 922 851 980 Eratosthenes
865 921 942 994 apud
955 920 1152 997 Strabonem)
1172 927 1203 980 et
1222 921 1324 981 schol.

195 1016 409 1090 Apoll.Rhod.
432 1017 745 1088 111311.testantur,
776 1034 896 1091 quorum
927 1019 975 1078 bic
995 1017 1094 1077 Circes
1124 1019 1254 1078 insulam
1283 1019 1325 1077 ab

196 1113 328 1173 Ascraeo
348 1118 436 1186 poeta
461 1115 491 1172 in
512 1115 588 1173 freto
609 1115 660 1173 illo
681 1119 821 1173 statutam
842 1115 949 1191 dicit2).
992 1115 1063 1173 Alia
1083 1115 1198 1188 quidem
1219 1115 1324 1189 Odys-

197 1228 264 1270 seae
294 1212 366 1280 loca,
398 1212 477 1269 velut
496 1209 630 1270 Sirenum
660 1217 690 1270 et
711 1211 852 1287 Calypsus
872 1212 991 1284 insulas,
1013 1212 1174 1271 Hesiodum
1197 1230 1262 1272 non
1284 1215 1324 1272 ob

197 1309 290 1380 ipsius
309 1308 487 1366 Laertiadae
507 1309 825 1382 mythumrespexisse,
848 1309 899 1368 sed
919 1309 957 1368 ad
970 1308 1107 1377 homines,
1128 1310 1178 1381 qui
1197 1310 1325 1370 habita·

198 1406 269 1463 bant
288 1405 346 1472 illa,
378 1406 474 1478 potius
505 1406 656 1465 aduexisse
686 1407 874 1478 genealogias
901 1408 931 1465 et
955 1423 991 1464 ex
1011 1408 1066 1465 hoc
1086 1407 1149 1480 ipso
1170 1407 1322 1480 carminis,

199 1502 274 1573 quod
295 1501 450 1574 decalogus
475 1503 652 1573 inscribitur,
684 1504 805 1562 consilio
826 1520 861 1561 ac
881 1504 1029 1576 proposito
1052 1509 1083 1562 et
1104 1508 1206 1576 aperte
1228 1504 1326 1563 etiam

195 1616 236 1657 ‘ex
256 1598 292 1656 fr.
315 1599 388 1672 91³)
409 1601 565 1672 colligitur,
596 1601 645 1659 ubi
665 1601 780 1664 Alcinoi
799 1602 879 1673 regis
898 1617 964 1673 non,
991 1606 1025 1659 ut
1050 1601 1126 1673 apud
1147 1601 1324 1675 Homerum,

199 1697 294 1759 uxori.
316 1696 367 1754 sed
380 1697 474 1755 sorori
487 1697 596 1756 Aretae
609 1714 712 1755 nomen
732 1697 855 1756 inditum
875 1697 1018 1756 videmus:
1040 1697 1071 1754 in
1090 1701 1245 1756 stemmata
1266 1697 1328 1770 igi·

201 1799 249 1851 tur
270 1792 394 1865 gentilia
413 1793 585 1853 Homericae
604 1810 741 1866 personas
762 1794 908 1853 Hesiodus
922 1794 1087 1866 usurpabat,
1109 1809 1212 1866 parum
1232 1809 1327 1853 cura·

201 1891 254 1948 bat
282 1888 396 1948 fabulas
424 1891 512 1963 ipsas,
545 1907 619 1963 quae
646 1891 766 1963 proinde
793 1891 957 1949 domesticis
987 1895 1018 1950 et
1047 1890 1202 1964 gentiliciis
1230 1892 1328 1950 rebus

203 1988 324 2046 obrutae
348 1988 443 2061 magis
463 1989 608 2061 magisque
630 1985 838 2063 delimamus).
1312 1992 1323 2007 ”

282 2084 404 2144 Praeter
423 2085 584 2144 Hesiodum
606 2101 789 2158 quaecunque
810 2084 901 2144 ceteri
922 2085 1022 2159 epicae
1042 2101 1162 2159 poeseos
1183 2089 1330 2146 auctores

203 2181 399 2254 suppeditant,
424 2181 499 2240 nihil
518 2179 579 2240 fere
599 2181 696 2240 valent
716 2186 746 2240 et
766 2199 869 2255 parum
893 2182 983 2241 firmis
1002 2183 1120 2256 insuper
1145 2183 1330 2243 testimoniis

204 2278 344 2335 nituntur.
386 2279 462 2338 Nam
483 2278 559 2350 quod
579 2279 683 2337 Asius
705 2278 832 2350 effundit,
854 2279 983 2337 cernitur
1002 2279 1033 2337 in
1053 2295 1097 2357 eo,
1117 2284 1151 2337 ut
1170 2279 1207 2338 de
1228 2279 1329 2340 Pene-

205 2375 289 2447 lopae
310 2391 408 2433 sorore
430 2375 519 2433 Meda
539 2376 653 2434 nomine
675 2376 813 2434 certiores
833 2374 973 2450 fiamus⁵):
999 2377 1074 2434 hanc
1094 2393 1163 2435 vero
1183 2376 1332 2435 notitiam

206 2470 292 2530 facile
307 2472 492 2530 dimittemus.
520 2470 696 2530 Oiuaetho
717 2476 814 2530 antem
827 2472 1081 2543 Lacedaemonius,
1100 2489 1184 2545 quem
1198 2473 1331 2534 eundem

206 2586 242 2629 ac
261 2568 443 2643 Cynaethum
464 2569 566 2626 Chium
591 2584 730 2627 essenon
751 2570 840 2642 magis
861 2570 931 2627 mihi
954 2586 1040 2641 quam
1060 2569 1330 2646 Markscheffeli00)

206 2666 379 2725 Welckerus
410 2666 589 2741 persuasit),
625 2671 742 2738 praeter
766 2665 938 2725 Heracleam
969 2672 999 2724 et
1020 2664 1211 2738 Genealogias
1236 2665 1332 2726 Tele·

206 2764 323 2836 goniam
343 2762 525 2834 Parvamque
549 2762 643 2820 Iliada
668 2763 816 2835 scripsisse
837 2763 950 2836 dicitur,
984 2779 1104 2836 quorum
1128 2767 1225 2821 tamen
1250 2781 1332 2837 poe·

208 2865 315 2918 matum
347 2878 383 2919 ne
413 2861 529 2920 nomina
559 2860 674 2933 quidem
701 2861 773 2920 satis
804 2866 943 2919 constant.
990 2861 1084 2934 Igitur
1114 2862 1235 2934 regione
1265 2862 1332 2922 ista

208 2957 390 3016 sterilissima
411 2958 531 3031 digressi
552 2957 589 3016 ad
609 2974 656 3016 res
676 2963 858 3017 transeamus
879 2959 1027 3029 aliquanto
1048 2958 1202 3018 suaviores.

247 3222 254 3235 ·
283 3159 304 3228 ¹)
334 3157 394 3228 Ip.
413 3161 460 3226 233
486 3157 574 3214 Catal.
593 3152 625 3215 ir.
645 3159 688 3215 85.
707 3157 818 3214 Kinkel.
836 3175 864 3228 p.
886 3161 944 3214 115.
998 3161 1020 3228 ²)
1048 3159 1084 3215 ib.
1102 3157 1136 3216 ir.
1155 3161 1198 3215 86.
1216 3176 1244 3230 p.
1265 3163 1333 3217 116.

210 3249 233 3318 ³)
253 3248 289 3304 ib.
303 3264 330 3318 p.
346 3249 406 3302 117.
447 3246 470 3318 ⁴)
488 3245 647 3302 Klausenus
665 3247 694 3301 in
707 3246 810 3316 libello,
829 3247 877 3317 qui
889 3246 1063 3303 inscribitur:
1083 3247 1152 3316 „Die
1163 3247 1335 3304 Abanteuer

211 3337 260 3392 des
280 3335 422 3407 Odysseus
441 3352 491 3391 aus
510 3335 614 3391 Hesiod
637 3335 758 3391 erkldrt“
779 3335 882 3407 (1834),
905 3335 995 3391 multa
1014 3336 1125 3407 quidem
1148 3337 1232 3408 atque
1250 3336 1334 3406 inge·

211 3426 292 3481 nicea
310 3425 400 3496 docet,
419 3441 490 3495 quae
510 3425 545 3480 ad
563 3424 653 3479 Ulixis
671 3424 772 3479 itinera
790 3425 928 3494 spectent:
957 3425 992 3480 ab
1012 3423 1133 3480 Hesiodo
1151 3426 1335 3480 tamencum

213 3515 324 3569 errante
346 3513 496 3568 laertiade
518 3515 664 3583 tantopore
690 3513 751 3582 ipso
778 3528 889 3583 quoqne
916 3513 1040 3583 aberrat,
1068 3515 1100 3568 ut
1126 3513 1335 3584 expectatione,

214 3617 298 3673 quam
310 3617 391 3657 nemo
409 3617 465 3657 non
483 3602 513 3655 in
525 3600 576 3655 tali
587 3601 676 3657 libelli
687 3601 770 3657 titulo
782 3601 916 3670 posuerit,
933 3601 1036 3656 mirum
1048 3602 1184 3672 quantum
1195 3600 1336 3656 destitua-

213 3705 285 3748 mur.
322 3690 344 3758 ⁵)
362 3689 473 3746 Kinlrel
492 3690 510 3744 1.
529 3705 552 3745 c.
572 3705 599 3759 p.
620 3692 680 3745 205.
699 3688 732 3744 fr.
754 3692 794 3745 10.
835 3688 857 3758 ⁶)
876 3688 988 3748 Hesiod.
1006 3689 1113 3746 Eumel.
1133 3688 1261 3745 Ginaetb
1279 3688 1334 3747 As.

214 3775 248 3837 fr.
267 3794 294 3847 p.
314 3779 365 3833 245
385 3794 445 3849 sqq.
482 3778 504 3846 ⁷)
524 3776 600 3848 Cycl.
619 3777 645 3832 1²
662 3795 690 3848 p.
709 3780 769 3834 227.
