3038 5108
652 460 930 523 ..24...

201 673 320 732 Proclus
346 673 387 732 ab
412 673 519 732 Ulixe
545 674 799 748 Astyanactem
825 689 900 732 esse
926 675 1075 734 occisum
1097 681 1312 738 commemorat.

201 770 327 829 Fallitur
351 771 397 829 hic
417 771 603 841 Welclxerus,
629 771 706 842 qnod
730 771 767 829 ad
786 771 917 829 Leschae
939 773 1100 842 exemplum
1121 756 1314 844 condereti-

201 883 268 924 num
290 883 402 938 quoque
422 867 516 940 ipsum
536 867 618 940 pueri
638 868 759 925 necandi
779 868 967 927 ministerium
988 885 1007 925 a
1026 851 1228 940 Neoptolemo,
1255 886 1313 940 nou

200 964 237 1020 ab
263 963 350 1022 Ulixe
382 967 580 1037 perpetratum
611 968 716 1022 censet.
758 962 885 1022 Achillis
917 965 1030 1036 quidem
1060 965 1136 1024 filius
1161 968 1191 1024 in
1215 966 1314 1025 Parva

199 1060 294 1118 Iliade
323 1061 437 1134 privato
469 1061 569 1120 ductus
601 1062 719 1120 consilio
750 1063 901 1133 puerulum
933 1062 967 1121 de
993 1063 1068 1120 turri
1094 1061 1327 1138 praecipitate
1392 1087 1394 1090 ’

201 1157 275 1215 alias
296 1163 391 1215 tamen
412 1158 489 1216 idem
509 1159 592 1216 huius
613 1158 747 1231 supplicii
767 1163 868 1216 auctor
888 1175 1031 1230 nunquam
1050 1159 1188 1219 innuitur.
1221 1159 1311 1219 Nam·

201 1272 256 1326 que
277 1259 481 1327 praeterquam
501 1255 577 1326 quod
597 1256 761 1314 Menelaum
781 1254 996 1314 interfectorem
1017 1257 1106 1314 semel
1127 1256 1240 1315 Servius
1266 1273 1312 1314 se-

202 1352 325 1410 cundum
346 1353 426 1424 alios,
448 1357 481 1409 ut
502 1353 552 1423 ait,
575 1356 664 1411 testes
685 1351 847 1428 exhibet2),
868 1369 954 1423 quam
968 1353 1085 1410 fabulae
1105 1351 1225 1411 formam
1238 1353 1313 1411 unde

201 1451 318 1522 ceperit,
351 1450 450 1522 spissis
481 1449 608 1508 tenebris
639 1450 803 1507 obvolutum
834 1454 887 1521 est,
920 1448 1036 1508 Servius
1061 1450 1161 1509 eodem
1186 1451 1249 1508 loco
1275 1449 1314 1509 ad
1405 1502 1408 1508 .

199 1547 323 1604 eliorum
351 1548 555 1605 auctoritatem
579 1547 616 1604 ab
644 1547 730 1606 Ulixe
757 1546 900 1605 deiectum
925 1563 986 1605 esse
1014 1548 1220 1621 Astyanactem
1246 1564 1314 1620 pro·

201 1644 252 1716 dit,
278 1660 399 1715 quocum
420 1649 449 1701 et
470 1645 546 1702 alter
566 1643 659 1703 Servii
679 1643 788 1719 loous³)
815 1649 844 1703 et
870 1644 901 1701 in
922 1645 1084 1703 universum
1106 1649 1183 1702 certe
1205 1644 1316 1703 Seneca

198 1741 229 1797 in
260 1741 420 1798 Troadibus
450 1736 687 1816 T1·iphiodorus⁴)
720 1740 870 1816 Tzetzes⁵)
906 1742 1085 1800 conveniunt.
1126 1743 1206 1800 Inter
1239 1758 1309 1814 quos

198 1836 309 1896 Seneca
332 1854 503 1909 quamquam
524 1839 647 1896 maxime
668 1838 803 1896 nimirum
824 1855 874 1896 suo
895 1839 990 1896 Marte
1013 1844 1212 1911 argumentum
1232 1845 1309 1898 trac·

198 1939 283 2019 tavit,
305 1936 468 1993 universam
493 1940 590 1993 tamen
615 1933 729 1993 fabulae
755 1939 926 1993 structuram
951 1937 987 1994 ab
1008 1935 1093 1994 Accii
1115 1937 1227 1995 demum
1247 1941 1311 1995 tra-

77 2047 80 2055 '
197 2037 315 2109 goedia,
337 2049 410 2105 quae
431 2031 585 2106 Astyanax
599 2034 773 2106 inscribitur,
796 2038 943 2092 mutuatus
963 2037 1017 2105 est:
1040 2038 1215 2107 quapropter
1228 2033 1309 2106 apud

197 2136 273 2192 hunc
288 2148 400 2204 quoque
414 2135 529 2204 poetam
543 2131 643 2190 Ulixes
657 2146 714 2188 non
727 2130 810 2188 modo
826 2131 946 2191 callidus
959 2131 1043 2204 pueri
1057 2132 1163 2190 occulti
1183 2131 1310 2207 indexl),
1344 2166 1348 2170 Α

196 2231 250 2289 sed
271 2229 457 2288 inexorabilis
480 2229 568 2287 etiam
589 2229 719 2286 carnifex
739 2230 907 2289 statuendus
921 2230 1044 2289 videtur.
1071 2229 1174 2301 Aegre
1194 2229 1308 2301 quidem

196 2327 353 2396 discernas,
376 2327 421 2384 cui
442 2326 552 2398 tragico
575 2325 751 2384 Graecorum
771 2332 875 2399 poetae
896 2329 1000 2386 Accius
1020 2329 1170 2387 materiem
1192 2327 1310 2394 debeat;

196 2439 290 2494 neque
322 2424 397 2481 enim
428 2423 640 2482 inTroadibus
661 2423 826 2496 Euripideis
846 2425 939 2483 utrius
960 2441 1045 2482 manu
1065 2424 1235 2482 nobilissimi
1255 2423 1311 2482 viri

197 2521 274 2578 filius
296 2521 445 2590 deiciatur,
467 2520 538 2578 satis
559 2524 688 2592 apparet,
711 2521 845 2591 quoniam
865 2521 939 2579 nihil
958 2522 1015 2579 nisi
1037 2522 1165 2594 graviter
1178 2537 1212 2578 ac
1224 2522 1313 2580 vehe-

197 2623 309 2676 menter
329 2618 445 2677 Ulixem
476 2612 599 2675 suasisse
631 2613 832 2691 supplicium)
863 2633 915 2676 nec
945 2634 1012 2676 vero
1043 2634 1060 2676 a
1092 2633 1215 2689 quonam
1234 2617 1313 2676 istud

197 2720 342 2787 sumptum
362 2715 413 2787 sit,
440 2731 560 2799 usquam
584 2714 735 2787 perspicue
757 2709 934 2790 iudicaturi).
976 2715 1147 2773 Welckerus
1166 2714 1311 2784 videlicet,

197 2812 272 2883 quod
286 2813 316 2870 in
329 2813 385 2871 hac
398 2811 497 2871 fabula
512 2811 612 2870 Ulixes
625 2810 814 2884 Astyanactis
828 2828 927 2870 necem
947 2817 1063 2885 rogat,
1086 2814 1141 2870 hoc
1161 2813 1199 2870 ad
1214 2813 1315 2870 confir·
1353 2796 1356 2801 ⁴

197 2909 332 2967 mondum
343 2926 424 2969 suam
435 2909 578 2967 rationem
588 2909 661 2966 eatis
670 2909 778 2967 habere
788 2909 843 2967 sibi
853 2909 976 2976 videtur,
991 2909 1059 2981 quia
1070 2909 1147 2982 apud
1157 2908 1312 2968 Arctinnm

197 3005 430 3078 quoqueUlixem
443 3006 542 3064 tulisse
553 3005 636 3064 modo
647 3006 722 3064 hanc
732 3007 912 3078 rogationem
917 3018 970 3083 neo
976 3022 1044 3065 vero
1050 3005 1205 3079 perfecisse
1212 3007 1311 3065 existi-

196 3108 266 3162 mat.
308 3102 366 3163 Sed
392 3105 514 3176 probata
544 3104 633 3161 etiam
658 3103 690 3162 C.
713 3104 746 3162 G.
769 3104 902 3162 Muelleri
933 3107 962 3162 et
982 3104 1131 3162 Welclxeri
1161 3105 1314 3174 sententia,

198 3201 353 3260 secundnm
378 3216 463 3272 quam
489 3217 588 3258 versus
618 3201 668 3257 ille
694 3217 712 3257 a
737 3199 886 3258 Clemente
913 3198 1141 3276 Alexandrino⁰)
1171 3202 1315 3274 proditus:

385 3296 487 3373 νήπιος,
509 3297 539 3361 ὃς
558 3296 661 3375 πατέρα
682 3295 787 3360 κτείνας
806 3299 902 3360 παῖδας
922 3295 1127 3356 καταλείπει-

197 3395 234 3453 ad
258 3396 318 3453 tale
341 3394 439 3454 Ulixis
462 3395 494 3453 in
514 3395 562 3453 Ilii
581 3394 701 3453 Perside
716 3395 865 3453 consilium
875 3396 1011 3467 pertinet,
1037 3395 1104 3454 inde
1119 3399 1223 3467 tamen,
1238 3395 1317 3466 quod

196 3479 575 3551 LaertiadesinDanaorum
586 3493 719 3550 contione
730 3491 1082 3551 hostisacerrimifiliolum
1091 3492 1313 3565 occidiiusserit,

270 3754 290 3822 1)
310 3752 392 3808 Paus.
411 3753 435 3807 X
448 3753 492 3823 25,
501 3756 539 3820 4.;
558 3752 762 3808 wolcmero.
776 3769 802 3823 p.
816 3753 881 3820 5393
900 3751 1008 3808 Kinlrel.
1025 3769 1053 3823 p.
1066 3756 1109 3808 47.
1146 3754 1167 3822 ²)
1182 3753 1224 3808 ad.
1242 3752 1315 3808 Aen.

196 3840 298 3897 11457.
325 3841 347 3909 1)
362 3840 397 3895 ad
408 3841 478 3896 Aen.
490 3839 533 3895 111
544 3843 606 3897 489.
637 3841 658 3911 1)
678 3858 703 3901 v.
715 3843 767 3896 644
780 3857 841 3912 sqq.
872 3841 894 3910 1)
914 3841 1008 3896 Posth.
1022 3844 1082 3898 734.
1101 3840 1125 3910 1)
1135 3839 1168 3896 cf.
1181 3840 1314 3897 Ribbeck.

198 3929 280 3999 Trag.
298 3929 377 3986 Rom
396 3945 423 3998 p.
441 3931 494 3984 412
513 3946 555 4000 sq.
591 3930 613 3999 1)
632 3929 698 3986 Eur.
718 3929 817 3988 Troad.
837 3932 888 3985 721
908 3946 982 4001 aqq.;
1007 3932 1078 3985 1120
1096 3945 1151 4000 sq.;
1172 3931 1240 3985 1134
1259 3944 1314 4001 sq.;

199 4018 267 4072 1173
285 4032 347 4086 sqq.
401 4015 423 4084 1)
442 4015 503 4070 Hoc
520 4019 671 4087 propterea
688 4033 796 4087 moneo,
818 4017 893 4088 quod
911 4018 940 4073 in
959 4018 1010 4072 hac
1027 4034 1059 4072 re
1076 4018 1139 4086 ipsa
1156 4017 1319 4088 Euripides,

198 4121 281 4176 quem
292 4103 445 4169 Aristotele
457 4105 529 4159 teste
541 4103 628 4174 (Poet
642 4121 666 4161 c.
679 4105 734 4176 23.)
759 4104 899 4160 Troadum
910 4105 1055 4160 materiem
1067 4103 1191 4159 Leschae
1211 4103 1315 4160 debere

197 4193 309 4262 scimus,
327 4192 362 4247 ab
381 4193 495 4246 auctore
509 4207 559 4246 sno
572 4191 747 4262 aliquantum
756 4191 919 4262 digreditur.
955 4192 978 4264 1)
998 4191 1100 4248 Strom.
1113 4190 1152 4247 VI
1170 4208 1198 4263 p.
1211 4194 1263 4247 747
1282 4190 1315 4249 P.
