3038 5108
636 399 856 462 ..72-

187 611 310 669 hominis
341 616 370 668 et
400 610 533 669 immanis
564 617 617 670 est.
663 609 762 682 Atque
794 610 957 668 increscunt
987 609 1060 691 haec
1091 608 1162 666 vitia
1191 607 1222 665 in
1253 608 1310 675 eis,

188 726 261 780 quae
282 707 480 769 subsecuntur.
521 707 618 781 Supra
638 710 695 767 iam
715 709 746 766 11
768 707 941 766 illustranda
962 705 1091 764 Leschae
1112 704 1309 778 narratione¹)

186 808 282 865 locum
303 807 523 864 commemoravi
536 806 726 868 notissimum.
747 805 797 863 ubi
810 804 928 866 Hecuba
947 804 1049 861 durum
1063 801 1159 861 Ulixis
1180 802 1311 860 animum

188 921 221 963 co
241 903 379 975 frangere
405 908 533 974 conatur,
565 904 641 974 quod
661 904 742 960 illum
763 908 832 960 tuuc
852 901 1015 960 mendicum
1035 917 1098 958 sese
1119 899 1253 972 precibus
1274 915 1311 958 ac

149 999 152 1006 '
189 1001 335 1074 suppliciis
361 1007 533 1059 commotam
554 997 1083 1074 110111110111011111101110111).
1124 996 1190 1070 Qua
1210 1001 1310 1055 tamen

189 1100 391 1159 recordatione
414 1100 450 1158 ad
481 1100 650 1159 molliendos
681 1101 790 1158 animos
811 1099 934 1156 maxime
966 1097 1070 1154 idonea
1094 1095 1189 1154 Ulixis
1226 1110 1311 1153 amor

188 1197 363 1263 studiumve,
384 1213 440 1268 quo
455 1197 567 1270 patriae
586 1197 700 1268 suisque
718 1197 841 1254 salutem
855 1194 1004 1267 prospicit,
1026 1198 1140 1251 tantum
1161 1193 1253 1263 abest,
1275 1196 1311 1249 ut

190 1294 382 1364 deterreatur,
397 1300 430 1351 ut
443 1294 622 1352 miserandae
637 1311 709 1353 anus
720 1285 917 1366 deprecationi
929 1291 1059 1351 convicia
1073 1294 1209 1361 opponat,
1226 1289 1311 1361 quasi

132 1430 135 1435 -
189 1390 370 1450 Graecorum
391 1392 493 1450 heroes
514 1392 633 1450 minoris
653 1407 739 1463 quarn
760 1407 814 1463 par
834 1391 873 1449 sit
893 1388 1012 1449 barbari
1025 1386 1246 1447 aestimaverint
1259 1402 1310 1444 ea·

189 1504 244 1560 que
265 1488 301 1547 de
327 1505 415 1547 causa
439 1506 476 1547 ne
497 1488 642 1548 AchiUem
667 1489 780 1560 quidem
813 1488 917 1546 merito
947 1487 1056 1545 honore
1087 1486 1159 1543 satis
1190 1485 1312 1556 dignum

188 1592 334 1645 censeant.
376 1587 454 1657 Quae
476 1603 539 1645 cum
560 1587 719 1655 audiamus,
740 1602 798 1644 101
819 1586 940 1657 amplius
955 1584 1092 1642 miramur
1105 1582 1222 1643 Ulixem
1235 1581 1312 1640 illud

188 1682 277 1740 etiam
297 1686 455 1756 aspernari,
488 1686 564 1758 quod
584 1685 674 1744 liliam
694 1685 814 1744 Hecuba
837 1684 929 1757 ipsius
953 1683 1060 1742 liberos
1084 1683 1114 1740 in
1134 1681 1230 1740 Ulixis
1250 1697 1310 1738 me-

187 1780 466 1839 moriamrevocare
481 1783 588 1857 iubet³)
610 1786 660 1840 aut
681 1782 726 1840 his
747 1782 882 1841 refutatis
903 1798 955 1853 pro
976 1781 1182 1852 integerrimae
1202 1778 1312 1836 aetatis

187 1876 312 1949 virgine,
346 1883 379 1936 ut
411 1880 475 1952 ipsa
499 1880 617 1939 Paridis
643 1886 737 1939 mater
761 1879 882 1938 1111110
907 1880 984 1938 11111
1014 1879 1150 1948 senioque
1180 1873 1314 1934 confecta

188 1974 226 2031 ad
250 1973 371 2034 Pelidae
393 1977 533 2035 tumulum
559 1977 729 2046 abducatur,
761 1993 848 2048 quam
879 1975 1003 2033 maxime
1034 1970 1185 2048 exoptat‘).
1228 1972 1312 2044 Quae

188 2076 308 2130 cunctae
329 2090 429 2145 preces
451 2075 532 2145 quasi
554 2091 572 2131 a
599 2075 716 2148 scopulo
741 2075 838 2134 Ulixis
862 2073 949 2132 corde
969 2072 1144 2142 reiciuntur,
1175 2070 1311 2141 quodne

187 2169 335 2227 minimam
356 2172 470 2242 quidem
490 2172 707 2230 misericordiae
727 2172 854 2246 speciem
874 2174 1030 2240 monstrat,
1063 2169 1113 2228 sed
1134 2167 1311 2226 tristissimis

186 2266 441 2326 lamentationibus
468 2285 503 2326 ac
527 2268 781 2341 deprecationibus
807 2274 858 2327 aut
877 2268 950 2326 nihil
972 2272 1023 2325 aut
1036 2266 1146 2324 feroces
1166 2266 1260 2324 minas
1281 2270 1311 2324 et

187 2363 343 2436 opprobria
373 2361 532 2440 reponit⁵).
579 2365 714 2424 Ueterum
740 2365 863 2424 deducta
888 2364 999 2437 virgine
1027 2363 1100 2421 nihil
1126 2363 1183 2421 nisi
1203 2362 1310 2421 servile

186 2458 313 2518 officium
333 2462 370 2519 ab
391 2461 504 2519 Atridis
525 2478 588 2519 cum
603 2479 709 2534 magna
723 2479 775 2520 sua
787 2463 879 2534 ipsius
891 2461 1041 2521 voluntate
1061 2459 1227 2533 impositum
1240 2475 1311 2531 per·

189 2555 275 2616 ficere
296 2557 413 2616 Ulixem
439 2575 503 2616 cum
529 2577 565 2617 ex
590 2560 650 2618 illis
665 2542 764 2632 ¹ipsius
795 2558 891 2618 verbis
922 2557 964 2632 (p.
987 2557 1050 2633 71.)
1081 2561 1142 2614 tum
1173 2557 1240 2614 hinc
1263 2556 1310 2614 in·

186 2655 347 2728 tellegitur,
375 2657 450 2727 quod
471 2657 645 2730 Talthybius
665 2658 696 2719 in
717 2657 903 2716 describendo
924 2649 1090 2729 sacrificio⁶l
1116 2654 1172 2712 viri
1191 2654 1310 2712 Laertii

186 2753 361 2811 mentionem
381 2755 495 2813 omnino
516 2755 627 2813 nullam
647 2760 751 2814 movet.

266 2849 454 2923 Tetralogiae
473 2852 587 2910 vinculo
609 2851 780 2910 Palamedes
806 2857 836 2909 et
856 2850 986 2909 Troades
1012 2848 1070 2923 (Ol.
1093 2849 1140 2920 91,
1162 2848 1206 2924 2.)
1239 2865 1308 2907 001-

185 2947 324 3018 timentur,
358 2953 537 3020 quapropter
566 2949 686 3007 eandem
711 2949 741 3006 in
762 2949 807 3007 his
828 2948 935 3006 fabulis
955 2945 1038 3005 Ulixi
1064 2946 1189 3018 speciem
1214 2945 1308 3004 fuisse

186 3059 239 3115 pro
261 3049 341 3101 certo
362 3044 419 3102 dici
433 3045 551 3116 poterit.
585 3045 662 3104 Sane
675 3062 746 3104 vero
767 3047 798 3104 in
818 3044 1015 3103 Troadibus
1036 3043 1098 3115 ipse
1111 3042 1193 3100 nulla
1212 3042 1309 3100 utitur

186 3156 321 3214 persona;
353 3141 538 3201 nihilominus
567 3142 614 3205 hio
638 3159 751 3215 quoque
780 3159 816 3200 ex
846 3141 992 3213 frequenti
1023 3139 1167 3198 mentione
1198 3145 1309 3198 certam

186 3238 331 3310 quandam
352 3255 522 3312 componere
535 3238 658 3311 figuram
671 3240 751 3300 licet.
779 3240 861 3310 Quod
875 3238 990 3310 quidem
1003 3236 1133 3308 Hecuba,
1149 3236 1308 3309 Talthybio

186 3351 249 3394 cam
269 3336 300 3393 in
321 3337 502 3408 captivarum
523 3338 674 3396 sortitione
695 3354 809 3396 servam
830 3336 926 3395 Ulixis
946 3336 1054 3393 factam
1075 3335 1234 3404 nuntiante,
1257 3351 1308 3392 no·

185 3453 251 3496 vom
272 3437 418 3496 dominum
445 3438 595 3496 acerrimis
616 3438 816 3497 devotionibus
837 3441 990 3496 execratur
1010 3440 1041 3493 et
1061 3430 1225 3493 Cassandra
1243 3446 1308 3488 ma·

186 3535 241 3593 tris
262 3535 398 3606 quereUis
418 3552 546 3605 assensa,
573 3550 754 3607 quoscunque
775 3539 876 3607 postea
897 3550 1010 3592 errores
1030 3532 1080 3590 ille
1105 3531 1236 3589 obiturus
1258 3529 1306 3596 sit,

185 3631 362 3691 vaticinatur
381 3650 492 3693 necnon
513 3649 632 3706 sperans
652 3648 717 3691 eum
736 3638 805 3691 tunc
818 3632 935 3690 tandem
948 3629 1102 3701 aliquando
1116 3625 1309 3700 malignitatis

185 3743 295 3800 poenas
320 3730 455 3789 daturum
481 3748 542 3790 esse
573 3735 634 3788 toto
661 3735 779 3803 pectore
810 3729 930 3802 gaudet,
963 3744 999 3786 ex
1029 3725 1094 3785 istis
1124 3724 1307 3783 inimicarum

186 3825 283 3883 verbis
303 3842 374 3886 cave
394 3828 492 3899 iniquo
513 3827 607 3886 animo
633 3827 668 3885 de
689 3826 850 3885 Laertiada
874 3824 995 3896 iudices;
1026 3839 1149 3894 namque
1179 3821 1308 3879 hostium

259 4017 281 4086 ¹)
300 4035 327 4088 p.
343 4019 385 4074 18.
422 4019 444 4087 ²)
463 4020 542 4074 v.239
561 4035 635 4090 sqq.;
654 4017 688 4074 01.
707 4017 797 4074 Plant
816 4017 917 4073 Bacch.
937 4018 988 4072 962
1002 4032 1063 4088 sqq.
1100 4013 1122 4083 ³)
1141 4031 1167 4072 v.
1180 4014 1307 4083 339sqq.

187 4103 254 4172 ¹)v.
273 4107 325 4162 382
345 4122 406 4177 sqq.
445 4105 466 4174 5)
487 4103 564 4164 011.
584 4108 645 4163 397.
686 4105 709 4177 ⁶)
728 4123 754 4163 v.
773 4107 826 4162 518
846 4121 907 4176 sqq.
