3038 5108
642 409 861 472 ..58-

194 624 333 683 maiorem
344 623 434 682 habet
447 617 717 694 probabilitatem),
733 635 787 690 quo
802 619 892 692 magis
906 620 1103 691 querimoniae
1117 625 1147 678 et
1157 622 1324 694 plangores

195 722 289 794 ipsum
305 721 383 779 olent
395 717 571 791 Euripidem.
603 716 667 774 Hac
680 714 768 788 igitur
782 715 880 773 iahula
892 717 1073 774 notissimum
1084 715 1180 775 Ulixis
1192 717 1224 775 in
1239 717 1322 774 freto

195 819 246 876 illo
268 833 365 875 casnm
386 815 477 874 fusius
496 813 671 886 descriptum
691 818 773 886 puto:
795 812 969 871 Laertiades
989 813 1020 870 in
1033 815 1223 887 propinquam
1244 813 1322 871 litus

195 915 331 988 appulsus
351 912 478 972 infinitas
498 912 533 969 de
553 910 638 970 sociis
659 925 677 967 a
696 907 795 981 Scylla
815 914 845 967 et
867 908 1017 982 Charybdi
1041 911 1168 982 abreptis
1190 910 1320 969 effundit

196 1011 349 1084 querellas,
370 1011 400 1068 in
421 1009 523 1081 quibus
537 1007 681 1079 Stagirita
693 1006 829 1064 similiter·
848 1007 983 1064 nimirum
1003 1006 1122 1065 offendit
1141 1007 1318 1080 11111111-

197 1111 354 1183 stophanes
375 1111 406 1167 in
429 1109 634 1180 naufragorum
658 1123 692 1166 ac
718 1122 874 1180 pauperum
905 1104 1029 1165 heroum'
1053 1106 1195 1165 lamentis.
1237 1106 1318 1166 Nam

196 1207 337 1279 siquidem
356 1223 420 1264 cum
432 1206 488 1264 hac
502 1205 616 1277 Scyllae
631 1220 736 1262 scaeua
749 1219 807 1261 non
817 1208 878 1260 tam
891 1204 1040 1262 sublimem
1050 1204 1130 1262 illum
1141 1202 1319 1278 Odysseae²)

195 1305 297 1376 locum,
330 1303 379 1361 ubi
398 1301 501 1360 Ulixes
522 1318 588 1359 cum
607 1317 712 1372 magno
733 1317 802 1359 sane
823 1299 894 1359 fletu
914 1305 945 1359 11
964 1303 1044 1359 luctu
1065 1301 1202 1373 queritur,
1227 1317 1319 1372 quam

196 1400 323 1459 Menelai
344 1399 506 1458 in‘Helena
525 1402 625 1472 partes
645 1399 806 1471 comparari
820 1403 944 1472 oportet,
966 1396 1136 1456 vilissimam
1149 1399 1197 1456 hic
1210 1398 1319 1458 Nostri

196 1514 350 1572 personam
371 1514 406 1555 ac
425 1497 547 1570 figuram
566 1495 654 1554 inisse
674 1512 757 1554 nemo
777 1512 834 1554 non
854 1497 1006 1569 largietur.

275 1595 322 1652 Ex
341 1594 434 1652 Iliade
454 1593 609 1666 Euripides
629 1593 701 1650 illud
721 1598 921 1666 argumentum
942 1594 1126 1667 deprompsit,
1148 1594 1224 1665 quod
1244 1609 1320 1664 quo·

196 1691 275 1748 niam
295 1707 352 1749 non
373 1690 429 1762 ipsi
448 1690 583 1759 Homero,
605 1690 656 1748 sed
676 1691 790 1748 auctori
809 1691 896 1762 paulo
917 1691 1072 1763 posteriori
1092 1691 1222 1763 debetur,
1249 1690 1317 1750 Uli·

197 1804 263 1845 xem
274 1787 332 1845 iam
346 1803 434 1860 supra
450 1786 491 1844 ibi
505 1787 723 1845 Posthomerioa
736 1787 832 1860 specie
846 1787 978 1844 indutum
991 1788 1149 1860 reperimus
1159 1787 1198 1862 (p.
1216 1787 1317 1862 4sq.).

197 1887 327 1957 Namque
352 1884 521 1958 Euripidem
553 1885 641 1943 etiam
662 1886 809 1944 Doloneae
840 1901 957 1958 operam
987 1885 1100 1944 dedisse
1125 1901 1159 1943 ac
1184 1884 1317 1944 fabulam

196 1983 309 2041 nomine
331 1981 482 2040 Rhesum
496 1982 646 2053 scripsisse
661 1983 731 2042 satis
746 1982 939 2054 probabiliter
952 1976 1160 2057 accipiemus),
1183 1999 1241 2040 non
1256 1997 1318 2053 quo

196 2080 265 2152 iata,
298 2096 385 2151 quam
415 2080 599 2151 superstitem
629 2080 693 2137 fata
723 2081 889 2152 voluerunt,
921 2079 1073 2151 tragoedia
1093 2079 1135 2154 (p.
1158 2080 1221 2153 75.)
1247 2084 1320 2151 post

197 2177 434 2250 diligentissimae
447 2176 634 2236 Valckenarii
648 2178 826 2250 aliorumque
840 2173 980 2236 vindicias
994 2179 1158 2236 etiamnunc
1171 2176 1216 2235 illi
1229 2176 1317 2234 nobis

196 2274 352 2334 tribuenda
371 2274 513 2345 videatur,
540 2274 590 2332 sed
616 2276 684 2346 quia
703 2280 818 2333 veteres
839 2275 934 2334 critici
953 2274 1068 2335 fabulae
1089 2275 1222 2334 nimirum
1242 2288 1316 2333 vere

196 2372 373 2444 Euripideae
394 2370 567 2428 testimoniis
580 2371 691 2430 inducti
705 2372 828 2429 alteram
841 2372 931 2443 illam,
953 2388 1026 2445 quae
1040 2372 1077 2429 ad
1090 2372 1165 2430 hanc
1185 2375 1317 2430 aetatem

197 2468 337 2542 pervenit,
356 2466 484 2526 fabulam
497 2468 646 2541 Euripidis
667 2484 729 2527 esse
750 2468 951 2541 opinabantur.
986 2469 1044 2529 Ubi
1063 2469 1203 2541 quomodo
1218 2468 1318 2526 Laer-

197 2566 294 2625 tiadae
321 2581 415 2624 mores
441 2566 637 2638 descripserit,
668 2567 776 2624 nullum
802 2583 872 2624 sane
903 2571 982 2624 certo
1013 2566 1173 2625 coniciendi
1202 2566 1316 2639 praesi-

197 2663 276 2721 dium
297 2667 406 2735 exstat;
431 2663 467 2721 de
487 2668 551 2722 tota
570 2668 669 2722 tamen
689 2665 744 2722 hac
763 2664 886 2722 materie
907 2664 1060 2722 admodum
1080 2681 1191 2734 vereor,
1211 2668 1246 2721 ut
1264 2663 1317 2721 ille

197 2761 228 2818 in
247 2765 365 2819 servata
384 2760 538 2833 tragoedia
556 2762 656 2821 Ulixes
676 2760 712 2819 ab
733 2761 890 2834 Euripiden
912 2761 1019 2820 virtute
1040 2766 1091 2820 aut
1104 2777 1214 2820 morum
1228 2777 1317 2834 prae·

198 2858 307 2916 stantia
326 2862 479 2930 superatus
499 2858 546 2916 111.

279 2952 400 3012 Omnino
420 2954 492 3012 nihil
513 2954 549 3013 de
569 2955 663 3014 Ithaci
688 2957 745 3014 viri
765 2957 796 3015 in
821 2957 916 3029 Epeo
938 2958 1039 3015 autin
1059 2955 1168 3030 Scyriis
1188 2972 1317 3028 persona

200 3055 376 3123 compertum
406 3052 554 3111 habemus
594 3051 639 3110 At
663 3054 802 3126 siquidem
823 3059 903 3113 recte
927 3055 986 3112 iam
1006 3055 1264 3114 Winckelmannus
1283 3053 1315 3110 in

199 3148 295 3221 priore
325 3147 376 3206 illa
406 3147 506 3206 fabula
536 3150 602 3220 equi
634 3151 753 3209 Troiani
783 3152 1008 3210 exstructionem
1038 3152 1218 3224 aliquomodo
1250 3166 1317 3209 esse

198 3246 371 3318 descriptam
392 3242 556 3320 coniecit),
588 3247 664 3305 haud
686 3248 789 3320 exigua
814 3248 875 3308 eius
901 3250 945 3308 rei
970 3266 1039 3323 pars
1059 3250 1121 3322 ipse
1142 3247 1196 3307 fuit
1220 3249 1320 3307 Laer-.

198 3343 308 3412 tiades;
340 3349 426 3415 atque
452 3344 528 3402 sicut
549 3344 722 3404 Ribbeckius
747 3346 778 3403 in
798 3346 903 3406 Naevii
926 3348 1024 3419 Equo,
1051 3364 1136 3419 quam
1168 3346 1220 3404 ille
1246 3345 1315 3418 qui·

199 3441 265 3498 dem
289 3440 415 3499 fabulam
441 3441 479 3498 ad
498 3441 647 3513 Euripidis
678 3444 838 3515 exemplum
873 3445 983 3503 referre
1007 3444 1099 3504 invito
1120 3441 1311 3517 Welcker0⁸)

199 3537 427 3609 tergiversatur,
470 3537 648 3597 conditiones
689 3539 824 3598 delendae
865 3541 946 3599 urbis
985 3542 1135 3614 expeditas
1177 3557 1240 3601 esse
1277 3557 1315 3598 ex

198 3635 295 3693 Plaut.
317 3635 422 3694 Bacch.
446 3637 503 3695 933
526 3653 587 3708 sqq.
608 3636 759 3712 collegit),
791 3639 834 3696 ita
855 3640 885 3696 in
904 3638 986 3712 Epeo
1008 3640 1114 3698 similia
1133 3643 1225 3709 certe,
1257 3639 1314 3696 im·

199 3732 299 3806 primis
320 3732 436 3805 abiegni
456 3735 576 3792 monstri
596 3733 772 3805 aedificatio,
798 3752 884 3809 porro
903 3737 1066 3809 legatorum
1087 3752 1151 3794 oum
1171 3736 1310 3794 Troianis

272 3971 293 4040 ¹)
312 3968 447 4025 Welcker.
466 3969 547 4038 Trag.
560 3969 588 4025 II
601 3986 628 4040 p.
642 3972 702 4026 528.
741 3972 761 4038 ²)
783 3991 795 4021 ν
817 3974 866 4026 197
877 3988 938 4043 sqq.
976 3973 997 4042 ³)
1016 3973 1118 4042 Bergk.
1137 3973 1155 4029 l.
1169 3989 1192 4029 c.
1205 3988 1232 4044 p.
1252 3975 1315 4031 614.

199 4057 221 4127 ⁴)
240 4057 313 4114 Mon.
331 4058 405 4115 ined.
423 4061 478 4114 111.
498 4062 556 4115 loa.
575 4077 602 4130 p.
623 4062 686 4130 2253
707 4059 741 4117 cf.
753 4059 888 4117 Welclxer.
906 4059 933 4118 11
951 4079 979 4132 p.
993 4064 1053 4119 523.
1090 4065 1112 4133 ⁸)
1131 4063 1149 4118 l.
1163 4078 1186 4119 c.
1202 4080 1229 4133 p.
1248 4063 1314 4129 5233

197 4147 260 4201 oto.
297 4147 319 4215 ⁸)
340 4146 420 4216 Trag.
438 4147 518 4203 Rom.
536 4163 564 4218 p.
582 4151 626 4205 48.
