3038 5108
646 399 867 461 ..60-

199 612 325 669 animum
345 610 419 668 dolis
440 614 491 668 aut
511 609 635 668 fallaciis
656 609 838 683 supersedet,
865 627 967 669 verum
987 609 1178 669 sincerissimo
1201 626 1319 682 qnoque

199 709 282 767 voltu
303 724 337 766 ac
357 708 445 766 verbo
467 706 587 779 probum
608 707 699 764 11111111
722 707 858 766 facillime
879 708 969 780 capit;
1000 707 1167 767 Philocteta
1186 708 1320 767 advenae

200 805 299 863 statim
321 805 434 876 cognito
461 819 546 874 quam
565 804 689 861 maxime
710 810 889 876 repugnante
910 805 948 863 ad
973 805 1106 864 haudem
1125 805 1177 868 ille
1202 822 1237 864 ec
1258 805 1320 862 vim

200 900 372 960 descendere
383 907 499 958 coactus
511 905 563 958 est.
595 900 630 957 In
641 905 703 958 tcto
715 901 829 972 quidem
843 902 957 973 incepto
972 903 1158 975 sophisticam
1172 903 1318 974 quandam

200 999 357 1057 versutiam
392 997 522 1069 adhibet,
556 1013 612 1070 qna
646 1001 713 1057 honi
745 1000 834 1058 ctiam
860 1000 1018 1060 virtutibus
1055 1000 1146 1073 caligo
1176 1005 1319 1070 tanquam

203 1095 371 1154 obuncans

280 1192 437 1265 Coniungit
456 1195 558 1253 Ulixes
579 1193 754 1268 Sophoclens
785 1212 849 1254 cnm
879 1197 935 1253 hac
958 1194 1173 1254 mendaciorum
1196 1193 1319 1252 libidine

200 1290 400 1348 crudelitatem
412 1291 443 1348 in
457 1292 650 1364 Iphigenia
663 1299 694 1350 et
707 1293 895 1366 Polyxena.
925 1293 1086 1363 Utrumque
1101 1291 1201 1350 (1181118
1211 1306 1318 1349 11811188

201 1407 219 1447 8
243 1389 326 1460 regia
345 1387 458 1461 virgine
480 1389 562 1446 duxit
582 1390 730 1448 immolata
748 1407 801 1462 pro
822 1391 902 1449 salvo
923 1390 985 1447 sive
1006 1389 1101 1447 abitus
1122 1388 1184 1447 sive
1204 1387 1319 1446 reditus

200 1485 379 1544 Graecorum
399 1489 513 1552 eventu,
535 1502 619 1558 quem
638 1491 671 1543 ut
692 1492 883 1559 assequantur
894 1487 1000 1557 Danai,
1022 1503 1105 1544 nemo
1122 1486 1215 1544 acrius
1229 1484 1318 1545 Ulixe

200 1583 277 1640 vires
306 1582 441 1642 intendit.
483 1583 613 1654 Namque
645 1585 675 1641 iu
699 1583 797 1656 priore
818 1584 918 1642 fabula
937 1585 1032 1656 ipsum
1052 1584 1163 1641 intrare
1183 1597 1319 1640 scaenam

202 1684 288 1750 atque
308 1680 392 1751 gravi
411 1696 532 1752 persona
552 1680 596 1737 uti
617 1680 723 1739 diserte
744 1697 763 1738 a
782 1681 905 1739 testibus
926 1681 1062 1738 docemur
1075 1678 1232 1751 fragmenti
1246 1679 1319 1738 284.

200 1774 320 1850 ch.¹):

414 1871 445 1930 811
468 1870 490 1929 δ’
512 1871 536 1929 ὦ
557 1871 688 1948 μεγίστων
709 1871 880 1951 τυγχάνουσα
900 1871 1050 1949 πενθερῶν,

203 1969 304 2041 quibus
325 1969 421 2027 verbis
442 1968 689 2043 Clytaemnestrae
710 1970 740 2026 iu
755 1975 852 2028 castra
872 1970 1037 2027 advenienti
1058 1969 1093 2028 de
1106 1969 1220 2027 Achille
1238 1969 1321 2027 velut

201 2083 309 2140 genero
329 2065 426 2125 futuro
449 2068 623 2139 gratulatur.
654 2067 715 2137 Quo
736 2083 823 2126 versu
843 2067 933 2125 animi
952 2066 1045 2125 nostri
1064 2067 1094 2124 in
1114 2066 1209 2124 media
1229 2065 1319 2124 collo·

202 2169 304 2222 cantur
324 2163 490 2236 tragoedia,
521 2165 571 2223 sed
590 2180 627 2222 ne
648 2180 683 2222 ea
704 2164 832 2237 quidem,
865 2181 937 2236 quae
957 2164 1146 2237 praecedunt,
1173 2164 1209 2222 de
1229 2161 1319 2223 Ulixe

203 2262 265 2319 sine
285 2266 429 2319 momento
449 2267 592 2334 putemus.
633 2263 709 2323 Nam
730 2264 805 2334 quod
825 2263 902 2334 apud
920 2261 1117 2336 Euripidem²)
1137 2262 1318 2334 Agamemno

203 2355 459 2430 Clytaemnestrae,
480 2366 514 2417 ut
533 2359 621 2418 fiham
643 2360 725 2432 qnasi
746 2376 809 2417 curn
824 2359 1127 2418 Pelidamatrimonio
1146 2359 1319 2431 iungendam

203 2455 233 2511 in
248 2454 435 2514 Aulidensem
448 2461 563 2529 portum
573 2457 711 2524 mitteret,
733 2457 843 2516 litteris
856 2473 887 2514 se
900 2456 1077 2528 persuasisse
1090 2459 1238 2528 memorat,
1259 2471 1319 2514 non

203 2557 263 2610 tam
293 2552 329 2610 de
360 2553 450 2611 nobili
475 2555 573 2625 legato
594 2559 645 2611 aut
664 2554 797 2626 principe
819 2553 1004 2626 cogitandum
1026 2552 1083 2610 erit
1103 2568 1188 2623 quam
1209 2553 1245 2610 de
1265 2553 1319 2610 mi-

204 2650 312 2717 nistro,
344 2650 424 2721 quali
453 2648 568 2707 fabulae
599 2651 683 2708 initio
708 2652 814 2709 utitur:
846 2651 1022 2723 posteriores
1042 2654 1140 2708 1818811
1159 2649 1318 2722 scriptores

203 2745 320 2805 Ulixem
350 2747 412 2805 sive
441 2763 506 2805 cum
525 2744 698 2823 Diomede³)
720 2748 780 2807 sive
801 2749 924 2823 solnm⁴)
945 2748 1063 2820 reginae
1083 2747 1215 2804 nuntium
1234 2746 1317 2804 illum

203 2844 335 2902 attulisse
365 2845 435 2902 satis
464 2845 625 2903 luculenter
655 2849 810 2917 exponunt.
851 2846 933 2904 Inter
959 2861 1030 2916 quos
1055 2849 1187 2904 auctores
1208 2842 1316 2915 Dictyn

203 2940 270 2997 hino
290 2944 445 3011 propterea
464 2957 641 3011 removeam,
673 2943 749 3014 quod
769 2960 803 3001 eo
824 2947 901 3002 teste
921 2942 1152 3016 Clytaemnestra
1172 2939 1248 2999 domi
1267 2954 1316 2996 re-

203 3042 313 3104 manet,
348 3051 434 3106 quam
465 3037 578 3108 quidem
609 3039 686 3119 apud
706 3038 877 3112 Sophoclem
907 3044 938 3098 et
957 3038 1125 3112 Euripidem
1147 3037 1232 3096 simul
1253 3051 1317 3094 cum

203 3131 263 3190 filia
282 3133 313 3189 in
335 3132 508 3192 Graecorum
529 3138 632 3195 castris
651 3141 832 3210 praesentem
851 3136 1019 3209 reperimus.
1062 3136 1123 3208 Quo
1144 3134 1235 3206 magis
1255 3131 1317 3206 Hy·

203 3231 302 3302 ginnm
322 3230 342 3290 l.
365 3247 388 3288 c.
411 3232 449 3290 ad
470 3231 639 3305 Sophoclem
659 3234 756 3292 redire
777 3235 918 3306 suspicor,
942 3234 1017 3306 quod
1038 3233 1063 3293 81
1083 3233 1238 3306 acceperis,
1259 3248 1316 3290 non

203 3329 287 3388 modo
312 3331 350 3387 ab
371 3329 457 3389 Ulixe
482 3335 512 3387 et
532 3329 672 3389 Diomede
692 3331 876 3403 Iphigeniam
896 3335 989 3389 matre
1010 3330 1165 3389 comitante
1185 3329 1318 3403 Mycenis

204 3426 355 3484 deductam
386 3425 489 3487 fecisse
519 3427 661 3500 tragicum
691 3428 848 3496 efficietur,
880 3428 931 3486 sed
958 3427 1032 3487 hano
1053 3427 1141 3486 etiam
1161 3441 1224 3485 rem
1247 3442 1316 3498 gra·

204 3526 314 3583 viorem
343 3523 526 3583 lucrabimur.
567 3523 703 3598 Hyginus
729 3526 817 3582 enim:
842 3524 931 3594 ,Cum
953 3569 960 3582 .
984 3570 990 3582 .
1013 3523 1135 3584 Calchas
1155 3524 1247 3583 scelus
1260 3539 1316 3583 re·

204 3620 367 3692 spondisset
390 3621 477 3679 aliter
507 3622 618 3694 expiari
645 3636 819 3695 conpesce,
846 3623 900 3681 nisi
920 3622 1101 3694 Iphigeniam
1127 3620 1217 3680 filiam
1237 3622 1316 3692 Aga·

204 3717 361 3775 memnonis
391 3718 581 3786 immolasset,
623 3735 656 3777 re
686 3719 786 3778 audita
816 3718 1018 3792 Agamemnon
1047 3733 1182 3778 recusare
1211 3717 1315 3790 coepit

277 3947 297 4013 ¹)
317 3944 396 4001 Pnot.
410 3945 477 4001 Lex.
495 3962 522 4016 p.
536 3948 598 4015 410,
619 3949 663 4003 13:
682 3942 820 4007 Ὀδυσσεύς
833 3964 897 4018 φησι
915 3944 979 4019 πρὸς
999 3939 1148 4018 {diotrepi
1159 3943 1317 4016 ’apotheca

205 4031 227 4103 ¹)
256 4032 277 4092 Ι.
295 4035 330 4090 A.
349 4035 383 4089 98
402 4049 464 4105 sqq.
519 4033 541 4102 ³)
569 4033 671 4106 Hygim
693 4034 811 4093 fab.·98.
863 4034 886 4100 ⁴)
914 4035 986 4091 Dict
1010 4033 1190 4101 crea1ao.;
1225 4031 1316 4091 Trete.

203 4120 270 4179 Ant
290 4124 350 4177 194.
