3038 5108
205 1669 344 1791 Qualem
364 1726 511 1784 Homerus
539 1724 727 1797 descripserit
752 1726 882 1796 Ulixem,
910 1727 1065 1798 diligenter
1092 1733 1240 1790 enarravit
1260 1735 1321 1794 Jos.

202 1819 450 1897 Houbenius¹);
472 1827 572 1891 restat,
594 1821 898 1881 utPosthomerici
912 1824 1008 1883 Ulixis
1023 1827 1148 1885 indolem
1170 1835 1321 1901 sortesque

136 1911 137 1915 ¹
202 1941 255 1996 per
268 1923 351 1981 varia
364 1936 483 1993 poeseos
498 1935 605 1990 genera
619 1935 833 1991 persequamur.
863 1920 919 1979 Sed
935 1924 1067 1993 quoniam
1082 1940 1217 1984 numerus
1231 1928 1320 2000 scrip-

203 2027 308 2089 torum,
324 2018 373 2089 qui
387 2016 547 2074 Ithacensis
560 2017 617 2074 viri
630 2016 747 2074 fabulae
762 2034 880 2088 operam
895 2019 1104 2091 impenderunt,
1126 2023 1320 2095 amplissimus

203 2124 248 2175 est
268 2133 302 2173 ac
325 2116 410 2188 plane
432 2115 594 2183 immensus,
616 2113 723 2184 statim,
751 2131 787 2171 ne
806 2119 872 2186 post
892 2120 1037 2174 errantem
1056 2118 1245 2177 Laertiadam
1265 2121 1320 2192 ipsi

201 2231 313 2285 quoque
341 2210 488 2269 erroribus
515 2209 702 2282 iactaremur,
731 2211 862 2269 terminis
884 2211 1089 2282 quadrifariam
1112 2217 1231 2274 statutis
1251 2233 1319 2288 pro-

201 2311 354 2382 speximus.
408 2308 524 2365 Etenim
555 2307 679 2379 primum
710 2307 739 2363 in
767 2305 915 2365 Graecis
946 2309 1150 2379 scriptoribus,
1182 2318 1319 2382 quantum

201 2407 265 2466 fieri
287 2405 403 2479 poterit,
425 2405 653 2475 acquiescamus:
685 2405 735 2475 qui
766 2410 862 2462 tamen
888 2421 952 2463 cum
977 2406 1141 2465 uberiorem
1167 2408 1202 2465 de
1228 2408 1316 2468 Ulixe

202 2505 351 2562 materiem
373 2502 522 2573 evolvant,
549 2501 664 2558 interim
690 2502 773 2561 libris
794 2506 981 2574 poetarum
1003 2505 1131 2562 contenti
1146 2507 1247 2576 procul
1266 2507 1318 2564 ha-

199 2602 329 2662 bebimus
360 2599 503 2671 pedestris
528 2599 666 2656 sermonis
692 2604 835 2658 auctores.
886 2599 993 2658 Poetas
1026 2618 1112 2672 porro
1144 2602 1238 2661 nullos
1271 2621 1318 2661 re·

200 2701 353 2774 spiciamus
387 2697 442 2754 nisi
473 2696 794 2755 Alexandrinorum
830 2713 917 2754 aevo
952 2699 1170 2771 superiores,
1207 2701 1255 2771 qui
1290 2705 1319 2758 et

203 2799 275 2855 satis
308 2811 449 2867 superque
481 2800 716 2866 argumentorum
748 2800 777 2852 et
809 2795 973 2853 sincerioris
999 2797 1070 2854 artis
1097 2797 1226 2853 carmina
1251 2798 1318 2855 sub·

203 2895 302 2952 tihbus
323 2892 505 2965 perplexisvc
531 2891 633 2949 studiis
654 2892 779 2949 nondum
800 2891 930 2949 admixta
951 2898 1002 2949 aut
1022 2893 1129 2950 vitiata
1148 2898 1318 2965 proponunt.

198 2991 331 3062 Denique
356 2978 574 3047 comoediam
600 2989 667 3046 hinc
694 3005 887 3060 segregare
908 2992 1088 3062 praestabat,
1116 2991 1221 3063 quippe
1247 3007 1320 3061 quae

201 3089 237 3147 ob
258 3089 380 3146 liberum
407 3087 488 3157 illud,
523 3102 578 3157 quo
605 3086 720 3158 mythos
746 3090 868 3154 tractat,
901 3087 1051 3144 arbitrium
1079 3089 1116 3145 ad
1136 3089 1220 3160 longe
1247 3088 1328 3146 alios-

201 3187 284 3258 quasi
305 3186 470 3243 litterarum
491 3181 562 3241 fines
582 3184 736 3256 pertineat.
778 3184 813 3241 ln
839 3185 997 3242 vetustiore
1023 3190 1119 3242 autem
1148 3185 1200 3242 1111
1220 3189 1318 3242 101110

203 3282 424 3341 subsistentibus
455 3268 550 3349 nobis,
584 3281 724 3352 quomodo
751 3283 1069 3339 commentatiunculam
1090 3283 1317 3353 disponeremus,

273 3483 346 3552 1)10
380 3499 531 3553 pensorum
567 3482 705 3537 indicibus
734 3499 826 3552 gymn.
856 3483 961 3538 Trevir.
985 3499 1009 3540 a.
1037 3483 1113 3537 1856.
1140 3484 1216 3536 1860.
1243 3484 1320 3538 1869.

198 3571 367 3625 Brevissimc
391 3588 423 3626 ac
451 3571 591 3625 levissime
619 3571 648 3623 in
675 3572 755 3624 tanta
783 3587 813 3625 re
841 3573 967 3626 versatus
997 3572 1042 3624 est
1067 3570 1319 3625 Maroovvitzius

199 3659 319 3742 (,Ulixis
348 3660 490 3727 ingenium
520 3658 602 3728 quale
631 3660 659 3712 et
681 3659 819 3713 Homerus
843 3659 954 3714 finxerit
981 3661 1010 3713 et
1032 3659 1131 3727 tragici
1150 3657 1320 3713 Graecorum

198 3748 327 3815 poetae“,
355 3746 411 3801 ind.
441 3763 533 3816 gymu.
557 3745 704 3801 Duesseld.
732 3747 808 3802 1854.
830 3750 862 3802 13
880 3749 939 3816 pp.)
968 3763 1059 3817 neque
1088 3747 1242 3801 Homericis
1261 3763 1320 3801 car-

199 3835 322 3888 minibus
350 3835 418 3888 satis
447 3834 590 3889 exhaustis
620 3836 650 3888 01
677 3835 811 3904 neglectis
841 3835 967 3890 omnibus
991 3835 1144 3904 tragoediis
1168 3834 1319 3904 naufragis.

197 3921 275 3988 Quae
287 3921 545 3995 Altenburgius
562 3922 664 3991 ineptis
675 3922 816 3990 allegoriis
831 3923 1009 3992 longissimus
1022 3923 1057 3979 de
1066 3923 1149 3978 Ulixe
1164 3923 1317 3978 somniatus

199 4010 245 4063 est
264 4007 331 4077 (ind.
351 4024 444 4078 gymn.
458 4007 630 4077 Schleusing.
652 4011 728 4065 1835.
750 4012 849 4080 1837.),
869 4010 944 4064 omni
962 4011 991 4065 111
1009 4028 1069 4066 rem
1088 4014 1214 4066 nostram
1227 4012 1318 4083 pretio

199 4098 302 4151 carent.
339 4096 553 4152 Schunckius
579 4095 823 4151 dissertatiuncula
847 4115 898 4153 sua
917 4098 1088 4169 („0dysseus
1108 4100 1137 4153 in
1157 4099 1207 4154 der
1225 4099 1320 4166 llias“,
1362 4113 1365 4118 ·

197 4184 254 4240 ind.
275 4200 368 4254 gymn.
389 4184 507 4252 Heding.
530 4186 618 4253 1867.)
641 4186 730 4254 magis
754 4186 829 4240 haud
852 4186 935 4242 dubie
959 4188 1086 4242 homines
1104 4204 1204 4257 parum
1223 4186 1320 4242 Iliadis

196 4272 304 4341 peritos
324 4288 408 4342 quam
428 4271 586 4342 philologos
607 4271 706 4327 docere
726 4274 842 4331 studuit.

1108 4366 1121 4417 l
