3038 5108
643 436 865 498 ..42-

198 647 334 722 propriae
366 660 430 703 csse
459 644 621 716 videantur,
653 644 699 702 illi
722 649 819 702 tamen
850 645 922 702 satis
947 645 1031 703 multi
1057 651 1188 705 auctores
1209 647 1328 720 tragici

199 744 301 803 comici
332 742 468 800 rhetorici
499 741 682 813 cupidissime
702 743 757 799 hoc
777 741 854 800 vafri
873 741 1049 801 Laertiadae
1080 743 1197 802 fastidio
1228 744 1327 816 potiti

199 846 273 900 sunt.
315 839 421 901 Thalia
446 839 557 897 scilicet
588 842 618 896 et
637 837 819 911 Melpomene
843 838 988 916 pravioris
1012 855 1046 897 ac
1069 839 1182 898 vilioris
1202 839 1327 912 ingenii

198 938 336 997 mortales
367 936 517 1004 adamant;
549 936 664 1007 etquis
694 934 820 1007 gentium
852 935 1012 993 causidicus
1040 952 1135 994 mores
1155 936 1326 996 adversarii

199 1035 348 1107 probiores
369 1031 486 1091 finxerit
506 1033 659 1091 nimiamve
681 1032 709 1090 ei
730 1032 867 1090 tribuerit
891 1030 1082 1103 dignitatem?

280 1132 360 1189 Haec
380 1135 476 1189 tamen
489 1119 655 1188 accuratius
674 1129 809 1202 persequi
833 1129 864 1185 in
889 1133 1018 1201 tempore
1038 1129 1213 1202 praestablt;
1240 1143 1324 1186 nunc

200 1228 373 1287 Pindaricos
405 1227 521 1298 quidam
549 1227 629 1285 locus
649 1231 751 1294 restat,
783 1226 833 1284 ubi
849 1226 960 1290 ¹Noster
984 1231 1082 1283 utrum
1101 1225 1324 1298 intellegendus

200 1328 239 1386 sit
263 1341 362 1395 necne,
388 1325 475 1398 paulo
496 1324 659 1382 accuratius
685 1324 873 1395 exploremus.
916 1323 979 1381 Iam
1000 1339 1089 1395 supra
1108 1324 1195 1398 Pyth.
1216 1323 1234 1381 I
1257 1324 1323 1382 100

200 1440 259 1495 sqq.
283 1423 467 1483 Philoctetae
488 1425 660 1483 mentionem
679 1423 744 1481 fieri
763 1425 990 1492 commemoravi,
1012 1440 1135 1496 quocum
1155 1423 1219 1482 loco
1238 1420 1323 1481 Bac-

200 1521 322 1593 chylidis
343 1522 474 1580 narratio
495 1539 513 1579 a
534 1521 691 1579 scholiasta
711 1520 858 1579 confertur
879 1520 919 1596 (p.
946 1520 1019 1596 38.).
1054 1522 1150 1592 Atque
1169 1519 1323 1578 Pindarus

199 1616 311 1688 quidem
334 1623 365 1676 ct
385 1618 459 1676 alias
479 1618 594 1675 fabulas
616 1623 646 1675 et
666 1618 742 1675 hauc
762 1618 944 1676 strictissime
964 1618 1096 1690 attingit:
1118 1633 1239 1688 aegrum
1258 1617 1321 1675 sei·

199 1713 269 1771 licet
289 1730 324 1772 ac
350 1715 475 1773 saucium
496 1713 655 1772 Hieronem
675 1715 705 1771 io
726 1714 816 1772 aciem
841 1712 1036 1786 proiecturum
1057 1729 1122 1772 cum
1146 1713 1242 1787 prisco
1263 1714 1321 1772 illo

197 1810 284 1869 heroe
309 1816 467 1883 comparat,
490 1811 538 1882 qui
558 1817 591 1868 ut
615 1827 696 1869 arma
720 1811 751 1868 in
771 1810 863 1869 Troes
887 1811 1054 1883 susciperet,
1080 1809 1228 1886 Λαμνόθεν
1250 1827 1322 1869 eum

198 1909 350 1967 arcessisse
371 1907 442 1966 dicit
460 1906 554 1983 ἥρωας
574 1906 713 1971 ἀντιθέους
733 1908 773 1983 (v.
792 1907 885 1983 100.).
919 1907 1101 1966 Luebbertus
1114 1908 1229 1979 quidem
1242 1907 1322 1966 illud

199 2003 237 2061 ad
257 2020 377 2076 parvam
399 2005 521 2064 Iliadem
547 2004 657 2064 referre
677 2022 734 2063 nou
755 2005 902 2080 dubitat),
933 2006 984 2063 ubi
1010 2010 1106 2064 tamen
1127 2021 1190 2063 cum
1210 2005 1320 2063 Proclo

198 2106 273 2159 teste
304 2103 395 2160 solum
418 2102 588 2161 Diomedem
618 2102 676 2161 iter
698 2103 850 2160 Lemnium
880 2102 977 2160 iacere
1007 2102 1178 2172 viderimus,
1209 2117 1320 2175 pamm

199 2197 254 2257 hoc
268 2215 332 2258 cum
347 2199 451 2258 divinis
465 2201 600 2258 heroibus
614 2199 733 2258 Pindari
747 2200 905 2272 conspirat,
927 2215 998 2270 quos
1019 2199 1057 2257 ad
1069 2199 1199 2258 Leschae
1219 2215 1320 2258 exem·

197 2296 276 2367 plum
306 2297 398 2354 solum
426 2296 568 2370 Tydidam
599 2297 717 2368 eiusque
748 2296 840 2355 socios
871 2313 905 2355 ac
935 2301 1039 2356 nautas
1065 2296 1237 2368 intellegere
1262 2311 1321 2368 per

198 2391 385 2451 Pindaricum
415 2395 549 2453 vocabuli
579 2393 654 2470 ἥρως
684 2411 766 2452 usum
797 2410 853 2452 non
883 2391 988 2470 licet²).
1029 2393 1187 2453 Lucbberti
1217 2397 1319 2451 autem

199 2489 331 2562 opinione
357 2491 512 2562 reprobata
539 2491 669 2563 quaestio
690 2492 792 2560 oritur,
824 2492 860 2548 de
882 2491 1050 2563 quibusnam
1074 2491 1146 2548 viris
1170 2489 1319 2549 Pindarus

198 2587 382 2659 cogitaverit,
423 2587 488 2661 Qua
508 2589 539 2645 in
559 2603 593 2646 re
613 2589 737 2662 primum
754 2588 895 2646 Boeckhii
916 2589 1110 2662 improbamus
1130 2587 1316 2659 sententiam,

198 2684 248 2755 qui
268 2684 383 2744 Ulixem
404 2690 435 2743 et
454 2685 675 2758 Neoptolemum
696 2686 753 2744 dici
779 2685 919 2744 affirmat:
939 2686 1025 2744 ‘hanc
1055 2685 1157 2742 miram
1188 2684 1317 2756 quidem,

198 2782 250 2840 scd
274 2782 498 2856 pulcherrimam
529 2784 670 2842 rationem
700 2799 823 2842 scaenae
850 2784 932 2855 quasi
952 2783 1106 2841 mutandae
1131 2782 1227 2855 gratia
1247 2785 1318 2854 post

198 2879 371 2952 Aeschylum
392 2885 423 2938 et
442 2880 610 2953 Euripidem
632 2881 806 2953 aSophocle
828 2880 941 2938 demum
954 2880 1100 2938 inventam
1115 2895 1178 2938 esse
1199 2877 1315 2947 scimus,

198 2992 283 3048 quarn
304 2978 330 3035 si
350 2977 408 3035 iam
428 2978 571 3036 Pindarus
591 2978 749 3050 statuisset,
777 2979 838 3036 sine
859 2978 920 3035 ulla
945 2994 1033 3035 causa
1056 2977 1186 3036 Leschae
1210 2991 1317 3033 narra·

198 3073 305 3130 tionem
329 3074 504 3146 neglexisset
528 3073 668 3132 Diomede
696 3075 808 3133 omisso.
851 3075 935 3131 llunc
964 3073 1105 3145 siquidem
1135 3072 1208 3131 nihil
1238 3076 1314 3139 erat,

198 3169 268 3242 quiu
288 3168 432 3228 Pindams
453 3186 564 3242 quoque
581 3171 732 3243 retineret,
753 3173 864 3243 primus
884 3175 964 3229 recte
976 3170 1151 3230 Wclclrems
1170 3169 1316 3228 iudicasse

198 3266 268 3325 mihi
299 3265 414 3325 videtur
444 3267 543 3326 addito
568 3267 699 3341 Tydidae
729 3266 870 3343 Ulixe⁸).
911 3268 1001 3340 Quem
1032 3269 1147 3340 qualem
1172 3265 1316 3325 Pindarus

270 3451 290 3519 ¹)
310 3449 328 3506 l.
341 3466 363 3506 c.
369 3466 397 3520 p.
407 3450 448 3510 15.
485 3450 507 3519 ²)
527 3448 634 3506 0hlert
648 3450 714 3505 diss.
726 3449 821 3518 inaug.
832 3450 1008 3519 Regiomont
1027 3451 1104 3509 1870.
1123 3466 1151 3520 p.
1164 3451 1202 3506 5.:
1217 3447 1314 3518 „Prin-

197 3537 273 3607 cipes
292 3539 401 3593 tantum
419 3541 448 3593 et
465 3553 546 3607 reges
564 3537 638 3608 apud
657 3536 809 3592 Pindarum
826 3537 911 3609 ἥρωες
931 3536 1141 3609 appellantur“;
1172 3535 1207 3597 ci.
1228 3537 1314 3593 ctiam

196 3624 324 3695 Rumpel.
336 3625 415 3685 lexic.
425 3624 537 3682 Pindar.
549 3642 570 3683 s.
580 3620 661 3698 ἢρωξ,
675 3625 806 3681 adhibitis
816 3625 895 3681 Nem.
905 3625 944 3680 IV
955 3628 997 3683 29.
1017 3629 1046 3681 et
1056 3625 1154 3682 Isthm
1167 3624 1257 3696 v(vi)
1269 3627 1313 3682 28.

198 3711 219 3781 ³)
249 3711 324 3784 cycl.
347 3713 387 3769 11²
405 3730 432 3784 p.
456 3716 518 3770 239.
554 3713 636 3770 Haud
665 3714 733 3769 satis
759 3714 828 3768 mihi
850 3714 904 3769 hoc
924 3713 1037 3769 Disseni
1058 3714 1193 3785 probatur
1220 3713 1314 3783 (Com-

196 3802 282 3857 ment.
300 3800 330 3856 in
348 3799 426 3858 Pind.
447 3799 537 3859 Germ.
556 3801 584 3857 11
602 3819 629 3873 p.
650 3805 734 3872 186.):
764 3802 896 3872 „pluralis
917 3803 1047 3858 universe
1068 3801 1254 3874 accipiendus,
1282 3809 1315 3858 ut

196 3887 334 3945 Pindarus
357 3906 414 3946 non
441 3891 602 3947 discessisse
621 3907 638 3947 a
656 3890 763 3946 Lesche
781 3890 882 3946 Lesbio
903 3891 1040 3962 videatur,
1067 3893 1117 3963 qui
1142 3907 1230 3946 unum
1246 3890 1314 3946 Dio-

196 3978 306 4035 medem
324 3978 460 4036 Lcmnum
486 3981 578 4037 abisse
605 3980 746 4039 tradidit“.
783 3979 894 4049 Pugnat
911 3980 964 4035 hoc
985 3996 1049 4035 cum
1071 3979 1185 4035 laudata
1202 3977 1314 4035 0hlarti

197 4067 337 4122 sententia
349 4082 437 4138 eaque
451 4069 567 4137 accepta
579 4084 643 4123 cum
654 4083 769 4123 numero
782 4067 893 4138 plurali.
917 4067 944 4123 N
946 4084 977 4125 ee
986 4069 1075 4138 magis
1085 4068 1153 4124 mihi
1163 4067 1314 4126 Schneide-

196 4154 285 4209 winus
303 4155 444 4225 persuasit
461 4152 560 4211 Philol.
580 4153 617 4210 1v
636 4171 664 4225 p.
683 4157 737 4211 650
755 4171 796 4227 sq.
